3068 5100
344 406 416 456 0er
421 405 558 456 TIONES
572 405 628 454 EX
629 405 803 455 CERPTAE
821 405 875 455 DE
891 406 1108 456 RS'ALTERIO.
1283 417 1328 466 149

124 570 172 653 T]
212 572 288 652 Ego
303 572 375 634 dixi
391 571 525 634 domine
542 572 695 634 miserere
711 572 775 633 mei

211 677 292 721 sana
307 659 454 720 animam
471 678 580 720 meam
595 659 753 740 quoniam
771 659 908 740 peccaui
922 659 994 722 tibi¹

214 745 267 807 Tu
283 754 395 807 autem
412 745 547 808 domine
563 746 732 807 misserere
748 747 813 808 mei
829 755 864 809 et
878 746 1036 808 resuscita
1051 747 1117 808 me²

215 832 329 895 ludica
345 852 399 894 me
413 832 495 894 deus

130 933 186 999 193
211 930 245 981 et
261 919 410 981 discerne
424 938 559 981 causam
576 938 685 981 meam
701 919 858 1001 degente
874 939 940 982 non
956 929 1071 983 sancta

211 1006 256 1068 ab
269 1005 403 1068 homine
577 1025 682 1087 usque
856 1007 1030 1069 ueritatem
1047 1007 1155 1071 tuam³

125 1092 142 1121 1
231 1090 249 1122 1
339 1090 357 1122 1
447 1090 465 1122 1
554 1091 572 1123 1
659 1091 679 1128 1
768 1091 786 1123 1
875 1091 893 1123 1
986 1093 1004 1125 1
1092 1094 1110 1125 1
1199 1092 1217 1124 1
1305 1092 1323 1124 1

211 1180 304 1261 [Ego
318 1199 398 1242 uero
411 1198 536 1261 egenus
550 1191 584 1241 et
600 1199 726 1260 pauper
740 1199 814 1241 sum
1192 1177 1260 1264 [sol.
1273 1194 1324 1259 25.

213 1267 294 1328 deus
309 1266 433 1329 adiuua
448 1286 502 1328 me

211 1352 358 1416 Adiutor
372 1374 465 1416 meus
479 1364 513 1414 et
529 1352 683 1415 liberator
698 1373 839 1416 meuses
856 1363 891 1416 tu

126 1456 191 1505 200
212 1440 347 1502 domine
363 1460 404 1502 ne
420 1442 567 1502 moreris⁴

216 1527 254 1589 ln
271 1538 303 1590 te
319 1527 453 1589 domine
468 1527 596 1608 speraui
614 1547 679 1588 non
695 1526 879 1589 confundar
894 1527 927 1589 in
942 1530 1108 1590 etemum⁵

214 1615 246 1674 in
262 1625 320 1675 tua
336 1615 462 1676 iustitia
476 1613 578 1676 libera
593 1634 646 1675 me
662 1623 695 1676 et
710 1615 800 1696 eripe
817 1633 870 1676 me

215 1700 341 1763 Inclina
356 1701 399 1762 ad
416 1722 469 1764 me
485 1720 597 1762 aurem
614 1710 707 1763 tuam
723 1712 757 1762 et
772 1700 865 1763 salua
882 1699 949 1763 me⁶

215 1787 299 1850 Esto
314 1787 395 1849 mihi
411 1789 444 1849 in
460 1788 561 1850 deum
578 1797 797 1869 protectorem
813 1790 896 1851 etin
912 1788 1020 1850 locum
1037 1788 1202 1850 munitum

127 1887 187 1952 205
213 1884 250 1936 ut
265 1874 394 1936 saluum
411 1895 465 1936 me
481 1873 581 1936 facias

216 1960 383 2043 Quoniam
399 1960 645 2024 firmamentum
661 1981 772 2024 meum
787 1972 822 2024 et
837 1961 1000 2043 refugium
1018 1981 1130 2024 meum
1146 1981 1182 2024 es
1199 1964 1248 2025 tu⁷

214 2048 296 2110 deus
312 2068 406 2110 meus
421 2049 510 2130 eripe
526 2047 638 2110 mede
654 2068 753 2111 manu
770 2050 951 2130 peccatoris

213 2145 247 2198 et
262 2137 306 2198 de
322 2155 421 2197 manu
438 2144 553 2197 contra
568 2134 676 2217 legem
693 2137 822 2217 agentis
837 2144 871 2197 et
886 2135 1003 2217 iniqui⁸

215 2221 398 2304 Repleatur
412 2243 449 2284 os
465 2242 577 2284 meum
593 2222 627 2283 in
643 2221 740 2284 laude
755 2232 814 2286 tua
829 2231 865 2284 ut
882 2231 1014 2285 cantem
1030 2221 1170 2304 gloriam
1185 2232 1280 2286 tuam

129 2325 194 2372 210
214 2318 287 2372 tota
302 2310 356 2371 die
372 2309 635 2390 magnitudinem
657 2311 764 2372 tuam⁰

217 2396 293 2459 Non
310 2397 462 2478 proiicias
479 2416 532 2457 me
548 2397 581 2457 in
597 2405 748 2478 tempore
763 2396 943 2458 senectutis

213 2504 289 2546 cum
306 2483 447 2545 defficiet
463 2484 568 2545 uirtus
585 2503 660 2545 mea
676 2503 716 2546 ne
731 2484 939 2564 derelinquas
956 2485 1035 2545 me¹⁰

215 2571 307 2633 Deus
324 2591 365 2632 ne
380 2571 565 2650 elongueris
582 2591 602 2632 a
618 2590 671 2632 me

215 2658 296 2719 deus
313 2678 406 2721 meus
423 2658 456 2718 in
472 2657 672 2719 adiutorium
687 2678 796 2720 meum
815 2658 965 2739 respice¹¹

130 2758 191 2824 215
217 2745 310 2807 Deus
326 2765 367 2807 ne
383 2743 592 2826 derelinquas
608 2765 669 2806 me.
718 2745 833 2806 Donec
850 2743 1045 2807 annuntiam

215 2832 384 2895 brachium
401 2841 497 2894 tuum
512 2832 716 2913 generationi
733 2833 823 2893 omni
839 2852 914 2913 quae
932 2840 1072 2894 uentura
1086 2831 1165 2894 est¹¹

217 2919 269 2981 Ne
284 2919 396 2982 tradas
412 2920 515 2982 bestis
531 2920 676 2981 animam
693 2918 907 2981 confitentem
924 2919 984 2982 tibi

215 3007 343 3068 animas
360 3026 539 3086 pauperum
557 3015 688 3068 tuorum
705 3026 746 3067 ne
761 3005 964 3069 obliuiscaris
981 3007 1014 3067 in
1027 3005 1154 3068 finem¹⁸

217 3093 360 3175 Respice
377 3094 410 3154 in
426 3102 664 3155 testamentum
681 3102 776 3155 tuum
792 3094 871 3174 quia
886 3093 1001 3175 repleti
1017 3103 1096 3155 sunt

131 3196 196 3243 220
217 3182 273 3261 qui
289 3181 455 3243 obscurati
471 3189 548 3242 sunt
564 3190 660 3242 terrae
675 3179 829 3242 domibus
846 3181 1084 3262 iniquitatum¹⁴

217 3267 269 3330 Ne
285 3268 473 3329 memineris
490 3268 702 3347 iniquitatum
719 3276 904 3329 nostrarum
920 3268 1130 3349 antiquarum

216 3355 284 3417 cito
298 3355 480 3436 anticipent
498 3375 557 3415 nos
575 3354 806 3416 misericordiae
827 3363 894 3416 tuae

216 3443 294 3523 quia
309 3461 471 3523 pauperes
487 3441 563 3503 sacti
580 3461 695 3502 sumus
712 3438 837 3502 nimis¹⁵

216 3529 352 3590 Adiuua
368 3549 428 3590 nos
444 3529 525 3591 deus
541 3529 693 3590 salutaris
710 3539 822 3589 noster

128 3628 189 3694 225
215 3625 350 3697 propter
364 3616 502 3696 gloriam
519 3616 661 3677 nominis
677 3615 725 3677 tui
742 3615 875 3677 domine
891 3613 993 3677 libera
1010 3634 1069 3675 nos

215 3712 250 3764 et
265 3703 427 3784 propitius
442 3713 516 3765 esto
532 3703 676 3784 peccatis
693 3703 813 3764 nostris

215 3799 350 3871 propter
365 3810 485 3852 nomen
501 3801 596 3851 tuum
613 3790 772 3851 domine¹⁶

216 3877 341 3938 Excita
356 3878 538 3958 potentiam
555 3886 646 3938 tuam
663 3886 697 3938 et
712 3877 788 3938 ueni
805 3887 841 3937 ut
856 3876 966 3937 saluos
983 3874 1082 3936 iacies
1098 3875 1182 3936 ηοεΠ

217 3963 309 4025 Deus
326 3964 485 4027 uirtutum
501 3973 657 4025 conuerte
673 3983 732 4025 nos

130 4067 196 4131 230
216 4062 250 4112 et
266 4051 405 4113 ostende
421 4050 539 4113 faciem
554 4060 647 4112 tuam
664 4060 698 4112 et
713 4049 795 4112 salui
812 4050 961 4111 erimus¹⁸

168 4264 294 4315 mne
480 4263 618 4304 ’Ptxlrn
820 4260 987 4312 'Perilli-3.
1148 4258 1297 4301 ⁴lexix.6.

127 4315 269 4356 'Polum
479 4314 619 4354 ‘Polum
821 4312 963 4362 ⁷Pe1123.
1151 4310 1292 4360 'Px-lxm.

129 4366 141 4394 ⁹
154 4365 189 4407 Px.
198 4366 242 4407 lxx.
253 4367 271 4406 8.
477 4366 494 4392 ¹⁰
508 4365 542 4405 Ps.
553 4365 595 4404 lxx.
602 4378 625 4422 9
813 4363 829 4391 ¹¹
844 4363 878 4403 Pe
889 4363 932 4403 lxx.
946 4377 974 4402 ιι.
1146 4360 1163 4388 ¹¹
1176 4361 1210 4401 Px
1220 4361 1264 4401 lxx.
1276 4364 1305 4402 rt.

128 4416 148 4445 ¹⁸
160 4416 195 4456 1³2
205 4416 272 4458 lxxiii.
283 4430 313 4467 ro
474 4415 491 4443 ¹·
504 4416 538 4456 Ps.
548 4414 615 4455 lxxiii.
627 4430 657 4454 ao.
848 4414 883 4454 Ps-
893 4411 973 4454 lxxviii.
984 4414 1003 4452 8.
1144 4411 1162 4440 ¹⁸
1175 4411 1210 4453 Px.
1220 4411 1301 4453 lmiii.
1311 4425 1330 4462 9.

128 4466 147 4495 ¹⁷
161 4467 195 4507 Px
206 4467 271 4508 lxxix.
283 4483 301 4519 3.
474 4467 490 4494 ¹⁵
504 4466 537 4508 1³2.
548 4464 614 4506 lxxix.
626 4480 656 4505 ao.
