3068 5100
162 404 194 452 24
522 390 688 442 HYMNUS
702 389 729 439 s
749 388 942 440 MUGJNTH.

164 557 216 656 T]
242 557 396 656 Exurge
428 557 578 630 domine
614 557 751 630 adiuua
782 581 850 629 nos
881 574 919 630 et
948 556 1088 630 redime
1118 580 1186 631 nos
1217 575 1377 655 propter

241 683 377 732 nomen
397 676 500 731 tuum

472 883 573 945 Parce
589 880 723 944 domine
739 881 955 964 peccantibus

470 981 604 1063 ignosce
623 980 849 1063 penitentibus

473 1081 626 1142 miserere
642 1079 738 1142 nobis
753 1088 787 1142 te
802 1080 998 1161 rogantibus

471 1178 618 1241 saluator
632 1178 782 1241 omnium
799 1178 931 1243 Christe

171 1295 186 1361 5
473 1279 598 1360 respice
613 1279 646 1340 in
663 1298 723 1341 nos
742 1279 816 1341 Iesu
833 1288 867 1341 et
883 1279 1045 1344 miserere.
1091 1277 1212 1343 Amen.

206 1513 241 1585 F]
277 1515 312 1568 26
329 1512 393 1567 add.
407 1515 439 1567 in
445 1513 535 1583 finem
550 1513 637 1567 Parce
650 1511 764 1567 domine

222 1600 238 1654 3
257 1601 309 1639 om.
324 1583 405 1639 nobis
514 1597 527 1653 3
546 1601 599 1638 orn.
614 1582 641 1637 in
677 1600 729 1638 om.
743 1600 827 1638 amen

702 2233 831 2318 [Nora]

230 2315 270 2400 T]
299 2320 348 2380 sol.
365 2318 406 2392 4b
421 2321 452 2379 in
470 2330 532 2397 sup.
548 2339 640 2396 marg.

230 2446 236 2458 .
281 2445 288 2459 .
331 2447 337 2460 .
382 2443 391 2459 .
432 2401 625 2478 inspiratione
668 2399 742 2460 abiit
784 2443 1146 2459 ........
1189 2396 1239 2459 die
1284 2416 1374 2458 secus

169 2482 378 2557 Augustinum,
393 2484 445 2558 qui
461 2483 525 2541 uult
567 2528 573 2541 .
617 2528 623 2540 .
668 2482 697 2540 in
713 2482 796 2541 omni
839 2526 845 2539 .
890 2528 896 2540 .
942 2527 947 2539 .
990 2481 1075 2556 quod
1088 2491 1169 2539 amat
1182 2491 1213 2541 et
1227 2479 1269 2538 ira
1280 2478 1375 2557 possi-

168 2571 216 2621 tus
230 2564 321 2622 corde
336 2581 406 2621 cum
429 2563 549 2624 Christo
570 2562 683 2623 habitet
725 2609 731 2622 .
776 2609 782 2621 .
826 2563 969 2638 processit
990 2572 1081 2639 caput
1095 2561 1160 2621 eius
1173 2562 1217 2621 sic
1230 2562 1375 2623 Christia-

168 2662 224 2701 nus
267 2687 273 2701 .
316 2688 322 2702 .
366 2688 373 2702 .
416 2642 553 2720 praeuidit
563 2662 615 2703 cor
625 2644 690 2704 eius
703 2645 858 2721 quomodo
870 2645 900 2702 in
942 2686 1251 2703 .......
1296 2642 1375 2702 itura

169 2734 239 2782 sunt
253 2743 315 2801 quo
357 2771 363 2784 .
408 2770 414 2784 .
458 2771 464 2783 .
509 2770 516 2783 .
559 2725 602 2784 sic
616 2735 646 2784 et
660 2743 730 2785 caro
744 2725 768 2784 si
811 2769 1021 2784 .....
1065 2721 1141 2783 itura
1154 2739 1199 2784 est
1213 2742 1276 2799 quo
1290 2742 1375 2784 nunc

169 2849 176 2862 .
221 2849 228 2863 .
271 2803 401 2865 hominis
422 2824 525 2865 eamus
546 2824 616 2883 ergo
658 2851 664 2864 .
709 2853 715 2866 .
759 2855 765 2866 .
810 2851 816 2864 .
860 2807 899 2865 de
919 2824 978 2882 qua
1020 2850 1230 2864 .....
1273 2815 1373 2865 toturn

170 2887 316 2945 mundum
331 2886 386 2946 erit
402 2888 492 2946 aliud.
535 2933 542 2946 .
586 2933 592 2946 .
636 2932 642 2945 .
