3068 5100
328 373 493 426 HYMNUS
513 375 540 425 S.
568 374 756 428 OENGUSII
767 374 816 424 ΙΝ
828 375 999 426 LAUDEM
1009 374 1036 423 S.
1057 374 1232 425 MARTINI
1346 390 1379 437 ⁴7

242 762 440 861 [Hvimus
467 761 506 834 S.
537 760 733 834 Omonsu
761 782 801 832 m
833 760 1001 834 Lavnaii
1030 760 1069 835 S.
1101 760 1309 860 Minima]

163 962 226 1067 T]
256 964 476 1096 MArtine
493 983 531 1036 te
548 963 730 1059 deprecor
747 988 816 1058 pro
834 989 894 1035 me
913 963 1055 1060 rogaris
1069 981 1212 1060 patrem

389 1063 581 1138 Christum
634 1089 676 1136 ac
728 1064 897 1160 spiritum
953 1084 1122 1138 sanctum
1175 1065 1375 1139 habentem

272 1171 275 1175 ’
303 1166 465 1239 Mariam
483 1182 640 1237 matrem

252 1345 439 1419 Martinus
458 1344 571 1416 mirus
590 1340 694 1417 moie
711 1369 776 1416 ore
794 1343 959 1416 laudauit
976 1344 1088 1416 deum

250 1472 342 1542 puro
360 1446 473 1519 corde
491 1445 655 1518 cantauit
672 1462 786 1541 atque
803 1445 942 1517 amauit
960 1470 1047 1517 eum

200 1646 220 1715 5
251 1620 404 1694 Electus
422 1621 482 1694 dei
502 1621 576 1693 uiui
595 1621 703 1719 signa
721 1621 790 1693 sibi
810 1619 939 1693 salutis

249 1722 402 1795 donauit
421 1721 514 1794 deus
533 1722 634 1818 pacis
649 1747 796 1819 magnae
814 1741 926 1818 atque
945 1722 1093 1794 uirtutis

252 1873 421 1947 Uerbum
441 1871 501 1944 dei
520 1872 664 1945 locutus
683 1891 831 1945 secutus
851 1873 887 1945 in
906 1872 1089 1946 mandatis

249 1974 447 2048 uirtutibus
465 1973 628 2070 impletis
647 1974 802 2046 mortuis
821 1975 1048 2046 resuscitatis

249 2147 412 2229 jsanans
430 2145 601 2219 homines
619 2144 721 2240 lepra
739 2170 827 2217 cura
844 2143 991 2239 duplice
1011 2144 1102 2217 mira
1236 2143 1312 2242 [soi
1335 2171 1358 2237 9

182 2273 223 2322 ιο
248 2246 503 2347 magnitudine
522 2244 619 2318 mala
637 2246 857 2343 egretudine
874 2245 956 2317 dira

251 2423 375 2495 Deum
394 2422 586 2494 dominum
606 2438 773 2493 nostrum
793 2445 943 2515 passum
963 2445 1031 2515 pro
1051 2420 1159 2493 nobis
1178 2421 1269 2493 mire

247 2523 454 2597 uoluntarie
473 2541 626 2618 propter
645 2546 713 2593 nos
731 2520 932 2616 deprecare
954 2521 1126 2594 Martine.

1156 2621 1320 2695 Martine

236 2800 379 2865 Sanctus
396 2800 561 2863 Martinus
577 2798 685 2861 adhuc
708 2797 935 2860 catacominus
952 2796 1014 2861 hac
1030 2818 1084 2860 me
1099 2807 1192 2862 ueste
1208 2801 1370 2864 contexit¹

234 2914 313 2977 dicit
327 2913 484 2976 dominus
499 2911 720 2992 omnipotens.

535 3072 598 3133 Per
610 3071 727 3133 merita
745 3071 880 3133 Martini

535 3186 641 3247 sancti
658 3194 759 3266 atque
774 3184 961 3265 dignissimi

536 3319 597 3361 nos
612 3318 785 3380 precamur

535 3420 571 3473 ut
589 3431 775 3473 mereamur

534 3543 673 3605 regnum
690 3523 743 3585 dei
759 3523 826 3584 uiui
843 3521 1002 3585 altissimi.

991 3633 1110 3697 Amen.

221 3817 254 3888 F]
291 3818 485 3889 4dproeum
594 3816 770 3870 Bsuscitatis
882 3832 908 3869 11
931 3833 1031 3886 pasum
1151 3822 1367 3878 1caticuminus

214 3996 319 4044 (ilossae
330 3995 365 4055 Τ]
398 4007 412 4057 3
424 3995 504 4055 more]
512 3995 539 4043 .i.
551 3994 659 4044 caritatis
670 4004 745 4057 atque
758 3993 888 4057 relegionis
1019 4004 1033 4056 7
1045 3997 1153 4058 locutus]
1161 4008 1197 4048 est
1257 4004 1366 4063 secutus]

168 4059 193 4107 .i.
207 4061 281 4109 deum
412 4060 428 4109 8
439 4060 560 4125 impletis]
570 4077 586 4108 a
598 4076 666 4107 man.
677 4066 740 4122 post.
754 4075 827 4107 amen
942 4071 959 4120 9
970 4060 1080 4125 duplice]
1092 4062 1118 4111 .i.
1132 4063 1215 4113 anima
1226 4073 1251 4114 et
1263 4082 1366 4132 oerpore

170 4137 198 4173 ιο
289 4125 396 4184 itudine]
413 4125 437 4173 .i.
461 4125 557 4189 peccati
579 4123 734 4189 egretudine]
754 4124 780 4172 .i.
802 4124 913 4189 corforis
994 4126 1060 4187 dira]
1078 4128 1106 4175 in
1126 4130 1205 4179 dextr.
1220 4147 1299 4195 marg.
1313 4133 1365 4182 dia·

164 4191 253 4240 iitonfi
276 4190 530 4240 hic.i.sechmaum
547 4227 553 4238 .
573 4228 580 4240 .
600 4228 606 4239 .
628 4189 770 4238 urch.0nis

214 4269 223 4304 1
243 4255 423 4316 mtacominus]
433 4256 460 4304 ,ἰ
474 4256 573 4304 adiutor
585 4256 643 4304 fidei
655 4255 835 4318 interpretatur.

590 4411 598 4438 ¹
612 4410 672 4462 Sulp.
682 4411 732 4452 Seu.
746 4412 794 4453 L'aet.
803 4413 879 4453 Mart.
890 4415 901 4459 1
911 4427 929 4464 3.
