3008 5108
510 419 674 473 nunnus
692 419 963 473 vesperarum.
1000 389 1003 395 ’

244 773 482 873 [Promo
509 797 550 847 ni
582 773 767 848 anuun
797 775 969 848 Cnnrsra
996 797 1066 858 our
1087 797 1168 849 Lux
1190 773 1264 872 Es]

215 968 251 1052 F]
291 971 467 1032 Ambrosius
481 971 528 1030 sdi
547 989 661 1049 epscop
674 971 698 1030 is
712 972 751 1032 he
764 970 890 1031 doronai
911 973 993 1031 hunc
1011 990 1135 1049 ymnum
1150 972 1191 1032 do
1204 972 1306 1032 molad
1320 973 1351 1030 in

213 1053 394 1114 islanicceda
414 1072 487 1113 ocus
500 1052 509 1111 i
524 1053 663 1113 n-aidche
677 1071 710 1112 as
724 1052 770 1112 dir
788 1071 806 1112 a
824 1053 975 1112 chantain.
1017 1054 1077 1113 Tre
1090 1051 1190 1112 rithim
1205 1053 1351 1113 doronad.

211 1136 281 1275 lSitgcit
300 1134 390 1212 captil
410 1134 472 1194 and
491 1152 556 1194 ocus
575 1134 615 1194 da
635 1134 696 1193 line
716 1133 810 1193 cecha
830 1133 921 1211 coptil
942 1152 1008 1194 onis
1027 1153 1060 1194 se
1080 1133 1185 1194 sillaba
1205 1135 1263 1195 dec
1276 1135 1351 1194 cech

488 1602 681 1703 [Huuuus
712 1602 1013 1704 Uesuuinus]

472 1799 651 1933 CHriste
666 1801 722 1882 qui
739 1799 798 1865 lux
814 1821 849 1864 es
864 1810 899 1864 et
913 1800 985 1864 dies

576 1887 684 1951 noctis
699 1888 855 1951 tenebras
873 1887 994 1971 detigis

468 1973 615 2056 lucisque
631 1974 743 2038 lumen
759 1975 902 2038 crederis

467 2061 579 2125 lumen
595 2060 743 2143 cre(a)tis
759 2061 955 2144 praedicans.

469 2194 646 2258 Precamur
661 2202 776 2257 sancte
791 2193 927 2257 domine

467 2280 609 2345 defende
621 2300 683 2343 nos
699 2280 734 2342 in
749 2280 812 2343 hac
828 2290 928 2345 nocte

468 2369 512 2432 sit
527 2367 624 2432 nobis
640 2368 673 2429 in
689 2377 722 2431 te
738 2368 867 2448 requies

468 2455 616 2537 quietam
632 2464 765 2517 noctem
782 2455 898 2518 tribue.

466 2590 535 2676 [Ne
549 2591 660 2675 grauis
675 2610 835 2673 sompnus
852 2590 953 2653 irruat

466 2678 571 2742 hostis
587 2698 629 2740 ne
644 2697 705 2740 nos
721 2677 876 2760 surripiat

466 2785 543 2828 caro
557 2764 605 2827 illi
620 2764 808 2828 consentiat

466 2872 527 2915 nos
543 2851 604 2915 tibi
620 2872 693 2914 reos
708 2860 845 2915 statuat.

467 2989 566 3055 Oculi
581 3009 758 3073 sompnum
775 2989 909 3073 capiant

465 3097 523 3141 cor
537 3096 668 3159 semper
683 3077 725 3139 ad
742 3086 775 3140 te
791 3075 915 3158 uigelat

467 3163 608 3227 dextera
623 3173 681 3226 tua
696 3173 851 3246 protegat

468 3250 612 3314 famulos
628 3249 684 3332 qui
700 3259 734 3313 te
749 3249 899 3332 diligunt.

469 3387 636 3451 Defensor
651 3397 764 3450 noster
778 3387 888 3469 aspice

467 3473 679 3537 insidiantem
697 3474 837 3556 reprime

363 3577 369 3588 ‘
468 3560 614 3643 guberna
630 3569 706 3623 tuos
722 3560 864 3623 famulos

466 3668 549 3730 quos
564 3648 725 3729 sanguine
742 3657 905 3710 mercatus
921 3666 964 3709 es.

468 3777 642 3840 Memento
657 3779 761 3841 nostri
777 3778 912 3842 domine

466 3865 498 3926 in
515 3864 608 3947 graui
624 3865 689 3927 isto
704 3884 841 3947 corpore

466 3961 502 4014 tu
517 3971 553 4013 es
568 3949 722 4014 defensor
737 3953 858 4016 animae

465 4037 582 4100 adesto
597 4038 693 4101 nobis
708 4038 850 4102 domine.

465 4170 579 4235 Gloria
594 4171 679 4254 patri
695 4173 843 4255 ingenito

464 4258 569 4340 gloria
584 4258 755 4341 unigenito

464 4344 562 4407 simul
578 4365 653 4407 cum
669 4346 786 4427 spiritu
802 4354 920 4408 sancto

464 4431 497 4494 in
513 4432 716 4515 sempiterno
730 4431 851 4496 seculo.
