3068 5100
238 433 403 485 Amatis
416 434 444 482 S.
465 431 637 484 CUMINEI
650 431 769 482 LONGI
782 432 830 482 IN
841 432 890 482 LA
896 432 1010 484 UDEM
1022 433 1307 486 APOSTOLORUM.
1343 445 1373 484 21

167 598 229 701 T]
376 602 524 674 Horum
543 618 756 674 sanctorum
774 600 862 673 bina
880 602 1014 697 septim
1034 601 1157 675 ualida

375 701 465 775 fiant
483 728 551 799 pro
570 702 677 774 nobis
695 719 839 774 scutata
856 702 1031 800 suffragia
1228 702 1374 777 alleluia

376 853 523 947 Quibus
542 854 659 950 ignita
676 853 877 925 demonum
893 853 1010 926 iacula

376 973 512 1051 posunt
530 955 672 1052 extingi
691 973 732 1026 ut
750 979 817 1049 per
833 953 1112 1052 propugnacula
1229 953 1376 1029 alleluia

379 1105 553 1178 lnuitiata
569 1130 646 1200 quo
664 1103 825 1176 seramus
843 1122 995 1200 pectora

375 1207 451 1303 regi
467 1205 638 1304 regnanti
657 1204 705 1277 ab
722 1230 805 1278 aeuo
824 1206 860 1277 in
879 1206 1014 1278 saecula
1227 1205 1375 1281 alleluia

376 1356 506 1430 Gloria
523 1356 618 1452 patri
636 1373 749 1452 atque
768 1357 961 1455 unigenito

374 1456 481 1530 simul
501 1457 671 1555 regnanti
690 1457 820 1553 spiritu
838 1482 922 1529 curn
940 1458 1027 1555 agio
1228 1459 1375 1535 alleluia

376 1608 499 1680 Nimis
517 1606 688 1680 honorati
707 1625 794 1680 sunt
811 1608 918 1680 amici
934 1607 985 1680 tui
1004 1607 1097 1681 deus

375 1709 484 1781 nimis
502 1707 732 1781 confortatus
750 1728 808 1781 est
826 1709 1053 1805 principatus
1071 1710 1212 1782 eorum¹
1226 1709 1373 1785 alleluia

374 1809 533 1882 Celebra
555 1808 648 1881 luda
666 1808 761 1882 festa
780 1809 918 1883 Christi
936 1810 1075 1908 gaudia
1091 1811 1344 1907 apostolorum

326 1959 461 2023 Exaudi
477 1980 539 2021 nos
554 1960 637 2023 deus
653 1981 712 2042 per
727 1961 846 2023 merita
861 1961 1088 2043 apostolorum
1104 1963 1233 2043 optima

324 2073 360 2125 ut
376 2064 549 2126 deleantur
564 2064 709 2145 pessima
721 2076 835 2126 nostra
851 2074 989 2146 peccata
1003 2065 1147 2147 plurima

325 2167 387 2229 Per
402 2169 520 2230 merita
533 2179 568 2232 et
582 2168 749 2230 orationes
765 2168 1084 2250 intercessionesque

323 2273 429 2334 sancti
447 2271 535 2334 Petri
550 2281 585 2334 et
601 2271 695 2333 Pauli
711 2280 745 2333 et
763 2271 895 2335 Patricii
911 2282 946 2334 et
960 2281 1144 2334 ceterorum

193 2390 209 2454 5
323 2374 550 2457 apostolorum
566 2394 606 2436 ac
622 2376 793 2438 martirum
809 2376 959 2437 omnium

323 2489 513 2541 sanctorum
529 2478 728 2561 propitietur
743 2479 839 2541 nobis
854 2479 1012 2541 dominus

223 2637 260 2710 F]
297 2653 330 2707 37
349 2650 415 2694 octo
420 2644 478 2710 pro
491 2639 593 2709 septim
841 2655 878 2704 4ο
895 2652 1013 2710 possunt
1225 2656 1260 2707 42
1278 2643 1373 2696 secula

169 2724 206 2776 47
224 2729 279 2764 orn.
295 2711 366 2764 luda
402 2753 409 2764 .
446 2752 453 2762 .
491 2752 498 2764 .
535 2752 541 2764 .
579 2711 773 2780 apostolorum
808 2727 861 2764 ont.
875 2728 923 2764 vv.
937 2713 990 2779 3-6

218 2840 326 2889 (Παῦε
348 2840 382 2900 T]
426 2851 457 2901 37
485 2838 589 2902 septim]
614 2839 642 2888 .i.
667 2838 720 2887 xiiii
743 2838 770 2888 ia
798 2836 831 2887 dd
853 2840 934 2915 apstal
956 2838 1003 2888 dic
1028 2840 1056 2888 .i.
1085 2841 1177 2889 Paulus
1203 2849 1230 2889 et
1257 2839 1374 2891 Stelanus

186 2906 285 2954 aaronis
307 2920 357 2953 non
380 2904 412 2953 sit
434 2905 570 2968 apostolus,
588 2921 644 2952 orus
666 2920 697 2952 co
720 2919 752 2951 na
774 2905 824 2952 bad
847 2904 879 2953 he
905 2905 1054 2954 Cummaine
1077 2906 1188 2955 doberad
1211 2906 1325 2955 Marcum
1347 2916 1372 2956 et

166 2922 265 3020 imm
277 2970 337 3027 lrlc3
358 2985 393 3018 no
404 2985 473 3017 masa
486 2969 517 3018 ht
528 2969 609 3027 dotat,
623 2971 644 3017 is
655 2969 718 3018 ‚urii
734 2971 818 3017 ualida
829 2985 857 3017 as
868 2970 946 3018 maith
958 2971 1008 3018 and
1210 2985 1244 3032 4ο
1260 2987 1304 3035 per
1316 2988 1372 3035 pro·

167 3035 321 3100 pugnaeula]
332 3035 359 3083 .i.
373 3036 439 3083 amal
451 3035 494 3083 bid
506 3045 543 3083 tre
554 3032 764 3091 ermtiru3notre
775 3035 938 3083 oethtliatha
1036 3047 1066 3094 41
1085 3036 1190 3099 qu0]co
1290 3049 1322 3097 42
1339 3038 1372 3085 ab

165 3101 269 3161 auulsa
278 3116 294 3149 a
305 3100 430 3164 principio
540 3114 574 3160 44
590 3116 647 3149 cum
658 3100 728 3164 agio]
739 3100 766 3148 .i.
781 3116 838 3148 cum
847 3109 934 3148 sancto
944 3100 987 3163 qui
999 3101 1069 3163 agius
1081 3102 1162 3150 Gruce
1170 3109 1271 3150 sandus
1282 3101 1372 3151 Latine

165 3166 259 3215 dicitur
270 3174 297 3215 ut
307 3164 497 3229 agiographi
512 3177 597 3213 sancta
611 3165 732 3228 scriptura
861 3176 893 3228 45
910 3165 1040 3229 honorati]
1052 3166 1079 3214 .i.
1094 3167 1127 3214 ab
1138 3167 1253 3215 omnibus
1284 3166 1372 3231 amici]

166 3231 263 3280 amictis
283 3231 366 3280 dictus
386 3239 424 3279 est
446 3230 516 3295 quasi
538 3230 614 3278 animi
642 3246 736 3294 aquus,
763 3229 806 3293 qui
834 3230 936 3293 aequalis
963 3231 1036 3279 nobis
1060 3232 1189 3281 uoluntate
1216 3231 1374 3296 ooniungitur

167 3297 202 3356 46
217 3295 382 3355 confortatus]
394 3295 421 3344 .i.
435 3295 509 3344 bonis
519 3297 637 3360 operibus
701 3295 834 3356 eorum].i.
848 3295 1018 3359 apostulorum

706 3546 836 3630 [Noas]

227 3682 269 3766 T]
297 3685 611 3760 sot41'nsup.marg.

226 3811 234 3824 .
279 3811 286 3821 .
330 3812 336 3823 .
379 3784 488 3841 magna
529 3810 536 3823 .
580 3811 586 3822 .
629 3775 659 3822 et
674 3765 805 3839 spatiosa
819 3764 929 3823 domus
943 3773 988 3822 est
1003 3765 1110 3822 atrium
1125 3765 1209 3840 quod
1223 3766 1373 3825 addantur

165 3849 193 3906 ei
209 3846 239 3905 iii
261 3849 392 3922 porticus
406 3847 609 3905 extrinsecus.2
624 3847 654 3903 in
670 3846 728 3903 hoc
743 3844 900 3904 diuersitas
915 3865 933 3902 x
946 3846 1145 3920 apostolomm
1166 3858 1195 3904 et
1217 3848 1296 3905 Petri
1316 3859 1369 3920 est,

166 3928 207 3987 illi
230 3929 346 4004 lugiunt
367 3946 539 4002 quanquam
561 3927 665 4002 procul
687 3939 788 3984 tamen
810 3926 944 4001 sequitur
964 3927 1143 3985 saluatorem
1165 3939 1194 3985 et
1220 3929 1289 3988 ideo
1315 3930 1371 3988 soli

166 4010 344 4086 principatui
366 4009 489 4083 eligitur.
532 4010 640 4078 Arnen,
657 4008 727 4065 dico
750 4005 847 4077 uobis,
862 4025 1052 4082 quaecunque
1072 4007 1261 4084 alligaueritis
1282 4028 1372 4086 super

165 4106 273 4150 terram
287 4102 374 4148 erunt
389 4091 476 4165 ligata
497 4100 526 4147 et
548 4090 577 4146 in
599 4090 665 4146 celo
687 4100 716 4146 et
738 4089 783 4145 rl.³
823 4089 1016 4164 Augustinus.
1033 4087 1081 4146 hic
1098 4091 1267 4149 ostenditur
1287 4092 1370 4167 quod

164 4190 226 4230 non
248 4184 380 4247 potestas
400 4169 539 4245 alligandi
561 4182 591 4228 et
612 4169 750 4227 soluendi
779 4169 868 4226 datur
889 4171 986 4236 Petro,
1009 4169 1063 4228 sed
1084 4168 1189 4244 peritia
1212 4190 1371 4248 usquequo

164 4254 239 4311 sciat
259 4251 326 4329 quis
346 4252 513 4327 alligandus
526 4263 556 4309 et
570 4251 733 4309 soluendus
748 4248 794 4307 sit.
838 4251 865 4307 T
868 4249 982 4309 tibunal
997 4269 1034 4309 eo
1048 4251 1132 4325 quod
1146 4251 1187 4309 ibi
1203 4251 1371 4331 (gradibus)

164 4333 376 4393 conscendunt
385 4331 500 4391 tribus.⁴

213 4463 271 4505 ¹1&
280 4461 382 4505 aava
394 4477 425 4512 17.
577 4460 667 4504 ²Hmb.
680 4463 750 4504 Maur.
761 4465 795 4505 Dc
808 4463 915 4503 vafrem
923 4459 966 4502 xiv.
977 4476 1010 4503 20.
1157 4462 1222 4505 ³l1t.
1231 4463 1275 4507 xvi.
1286 4479 1310 4516 19

529 4515 539 4540 ⁴
551 4512 585 4554 Cl'.
596 4513 665 4554 Hrab.
677 4514 748 4555 araur.
759 4515 793 4556 Dc
806 4514 913 4555 Unitum
922 4511 965 4552 xiv.
976 4527 1007 4553 ιι.
