<?xml version="1.0" encoding="UTF-8"?>
<!DOCTYPE html PUBLIC "-//W3C//DTD XHTML 1.0 Transitional//EN"
    "http://www.w3.org/TR/xhtml1/DTD/xhtml1-transitional.dtd">
<html xmlns="http://www.w3.org/1999/xhtml" xml:lang="en" lang="en">
 <head>
  <title>
</title>
<meta http-equiv="Content-Type" content="text/html;charset=utf-8" />
  <meta name='ocr-system' content='tesseract 3.04.00' />
  <meta name='ocr-capabilities' content='ocr_page ocr_carea ocr_par ocr_line ocrx_word'/>
</head>
<body>
  <div class='ocr_page' id='page_1' title='image "./irishliberhymno00churgoog_0237.png"; bbox 0 0 3068 5100; ppageno 0'>
   <div class='ocr_carea' id='block_1_1' title="bbox 167 375 1181 441">
    <p class='ocr_par' dir='ltr' id='par_1_1' title="bbox 167 375 1181 441">
     <span class='ocr_line' id='line_1_1' title="bbox 167 375 1181 441; baseline 0.004 -15"><span class='ocrx_word' id='word_1_1' title='bbox 167 375 212 441; x_wconf 88' lang='lat'>198</span> <span class='ocrx_word' id='word_1_2' title='bbox 372 378 536 430; x_wconf 75' lang='lat' dir='ltr'><em>HYMNUS</em></span> <span class='ocrx_word' id='word_1_3' title='bbox 550 377 599 428; x_wconf 86' lang='lat' dir='ltr'>IN</span> <span class='ocrx_word' id='word_1_4' title='bbox 609 377 658 428; x_wconf 76' lang='lat' dir='ltr'>LA</span> <span class='ocrx_word' id='word_1_5' title='bbox 665 377 778 430; x_wconf 78' lang='lat' dir='ltr'><em>UDEM</em></span> <span class='ocrx_word' id='word_1_6' title='bbox 789 378 837 429; x_wconf 86' lang='lat' dir='ltr'>SS.</span> <span class='ocrx_word' id='word_1_7' title='bbox 845 376 848 381; x_wconf 71' lang='grc'><strong>“</strong></span> <span class='ocrx_word' id='word_1_8' title='bbox 856 378 976 429; x_wconf 84' lang='lat' dir='ltr'><em>PETRI</em></span> <span class='ocrx_word' id='word_1_9' title='bbox 988 379 1045 430; x_wconf 82' lang='lat' dir='ltr'>ET</span> <span class='ocrx_word' id='word_1_10' title='bbox 1055 379 1181 433; x_wconf 83' lang='lat' dir='ltr'><em>PAULI.</em></span> 
     </span>
    </p>
   </div>
   <div class='ocr_carea' id='block_1_2' title="bbox 275 967 1242 1071">
    <p class='ocr_par' dir='ltr' id='par_1_2' title="bbox 275 967 1242 1071">
     <span class='ocr_line' id='line_1_2' title="bbox 275 967 1242 1071; baseline -0.001 -27"><span class='ocrx_word' id='word_1_11' title='bbox 275 970 471 1071; x_wconf 62' lang='lat' dir='ltr'><strong>[Hymnus</strong></span> <span class='ocrx_word' id='word_1_12' title='bbox 498 993 539 1043; x_wconf 77' lang='lat' dir='ltr'>m</span> <span class='ocrx_word' id='word_1_13' title='bbox 568 970 737 1046; x_wconf 73' lang='lat' dir='ltr'><strong>LAUDEM</strong></span> <span class='ocrx_word' id='word_1_14' title='bbox 766 971 835 1046; x_wconf 89' lang='lat' dir='ltr'>SS.</span> <span class='ocrx_word' id='word_1_15' title='bbox 868 971 987 1044; x_wconf 73' lang='lat' dir='ltr'><strong>Pssnu</strong></span> <span class='ocrx_word' id='word_1_16' title='bbox 1014 994 1061 1044; x_wconf 81' lang='lat' dir='ltr'>ET</span> <span class='ocrx_word' id='word_1_17' title='bbox 1091 967 1242 1070; x_wconf 58' lang='lat' dir='ltr'>Pium]</span> 
     </span>
    </p>
   </div>
   <div class='ocr_carea' id='block_1_3' title="bbox 465 1194 1360 1366">
    <p class='ocr_par' dir='ltr' id='par_1_3' title="bbox 465 1194 1360 1366">
     <span class='ocr_line' id='line_1_3' title="bbox 465 1194 1360 1330; baseline -0.002 -69.961"><span class='ocrx_word' id='word_1_18' title='bbox 465 1195 677 1330; x_wconf 74' lang='lat' dir='ltr'>lCHristi</span> <span class='ocrx_word' id='word_1_19' title='bbox 669 1197 772 1280; x_wconf 86' lang='lat' dir='ltr'>patris</span> <span class='ocrx_word' id='word_1_20' title='bbox 788 1197 820 1259; x_wconf 91' lang='lat' dir='ltr'>in</span> <span class='ocrx_word' id='word_1_21' title='bbox 837 1197 978 1261; x_wconf 85' lang='lat' dir='ltr'><strong>dextera</strong></span> <span class='ocrx_word' id='word_1_22' title='bbox 1222 1194 1292 1279; x_wconf 74' lang='lat' dir='ltr'>[soi</span> <span class='ocrx_word' id='word_1_23' title='bbox 1316 1212 1360 1274; x_wconf 84' lang='lat'>14</span> 
     </span>
     <span class='ocr_line' id='line_1_4' title="bbox 588 1283 987 1366; baseline -0.01 -16"><span class='ocrx_word' id='word_1_24' title='bbox 588 1283 744 1350; x_wconf 85' lang='lat' dir='ltr'>Sedentis</span> <span class='ocrx_word' id='word_1_25' title='bbox 759 1303 859 1366; x_wconf 88' lang='lat' dir='ltr'>super</span> <span class='ocrx_word' id='word_1_26' title='bbox 874 1294 907 1347; x_wconf 88' lang='lat' dir='ltr'>et</span> <span class='ocrx_word' id='word_1_27' title='bbox 894 1284 987 1347; x_wconf 87' lang='lat' dir='ltr'>thera</span> 
     </span>
    </p>
   </div>
   <div class='ocr_carea' id='block_1_4' title="bbox 480 1416 991 1587">
    <p class='ocr_par' dir='ltr' id='par_1_4' title="bbox 480 1416 991 1587">
     <span class='ocr_line' id='line_1_5' title="bbox 480 1416 991 1502; baseline -0.008 -19"><span class='ocrx_word' id='word_1_28' title='bbox 480 1420 561 1484; x_wconf 88' lang='lat' dir='ltr'><strong>Post</strong></span> <span class='ocrx_word' id='word_1_29' title='bbox 579 1419 757 1482; x_wconf 89' lang='lat' dir='ltr'>Iudeorum</span> <span class='ocrx_word' id='word_1_30' title='bbox 774 1416 905 1502; x_wconf 86' lang='lat' dir='ltr'>flagella</span> <span class='ocrx_word' id='word_1_31' title='bbox 987 1417 991 1424; x_wconf 84' lang='grc'><strong>’</strong></span> 
     </span>
     <span class='ocr_line' id='line_1_6' title="bbox 480 1504 980 1587; baseline -0.006 -17"><span class='ocrx_word' id='word_1_32' title='bbox 480 1506 561 1570; x_wconf 89' lang='lat' dir='ltr'><strong>Post</strong></span> <span class='ocrx_word' id='word_1_33' title='bbox 577 1525 746 1587; x_wconf 85' lang='lat' dir='ltr'>egressum</span> <span class='ocrx_word' id='word_1_34' title='bbox 762 1505 805 1567; x_wconf 87' lang='lat' dir='ltr'>de</span> <span class='ocrx_word' id='word_1_35' title='bbox 818 1504 980 1568; x_wconf 89' lang='lat' dir='ltr'>Gehenna</span> 
     </span>
    </p>
   </div>
   <div class='ocr_carea' id='block_1_5' title="bbox 477 1639 895 1812">
    <p class='ocr_par' dir='ltr' id='par_1_5' title="bbox 477 1639 895 1812">
     <span class='ocr_line' id='line_1_7' title="bbox 477 1639 863 1724; baseline -0.003 -19"><span class='ocrx_word' id='word_1_36' title='bbox 477 1639 621 1724; x_wconf 88' lang='lat' dir='ltr'><strong>Spiritus</strong></span> <span class='ocrx_word' id='word_1_37' title='bbox 636 1641 741 1706; x_wconf 87' lang='lat' dir='ltr'>sancti</span> <span class='ocrx_word' id='word_1_38' title='bbox 756 1640 863 1724; x_wconf 88' lang='lat' dir='ltr'>gratia</span> 
     </span>
     <span class='ocr_line' id='line_1_8' title="bbox 479 1728 895 1812; baseline 0 -21"><span class='ocrx_word' id='word_1_39' title='bbox 479 1728 614 1811; x_wconf 84' lang='lat' dir='ltr'>Repleti</span> <span class='ocrx_word' id='word_1_40' title='bbox 629 1739 707 1792; x_wconf 91' lang='lat' dir='ltr'>sunt</span> <span class='ocrx_word' id='word_1_41' title='bbox 723 1729 895 1812; x_wconf 88' lang='lat' dir='ltr'>repentina</span> 
     </span>
    </p>
   </div>
   <div class='ocr_carea' id='block_1_6' title="bbox 480 1865 913 2035">
    <p class='ocr_par' dir='ltr' id='par_1_6' title="bbox 480 1865 913 2035">
     <span class='ocr_line' id='line_1_9' title="bbox 481 1865 913 1931; baseline 0.002 -1"><span class='ocrx_word' id='word_1_42' title='bbox 481 1865 567 1930; x_wconf 91' lang='lat' dir='ltr'>Cum</span> <span class='ocrx_word' id='word_1_43' title='bbox 583 1875 776 1930; x_wconf 86' lang='lat' dir='ltr'><strong>cunctarum</strong></span> <span class='ocrx_word' id='word_1_44' title='bbox 792 1867 913 1931; x_wconf 87' lang='lat' dir='ltr'>notitia</span> 
     </span>
     <span class='ocr_line' id='line_1_10' title="bbox 480 1952 884 2035; baseline 0 -18"><span class='ocrx_word' id='word_1_45' title='bbox 480 1952 687 2035; x_wconf 87' lang='lat' dir='ltr'>Linguarum</span> <span class='ocrx_word' id='word_1_46' title='bbox 704 1953 884 2018; x_wconf 78' lang='lat' dir='ltr'>multifaria</span> 
     </span>
    </p>
   </div>
   <div class='ocr_carea' id='block_1_7' title="bbox 481 2086 872 2242">
    <p class='ocr_par' dir='ltr' id='par_1_7' title="bbox 481 2086 872 2242">
     <span class='ocr_line' id='line_1_11' title="bbox 481 2086 848 2154; baseline 0.011 -5"><span class='ocrx_word' id='word_1_47' title='bbox 481 2086 685 2152; x_wconf 87' lang='lat' dir='ltr'>Reuelantes</span> <span class='ocrx_word' id='word_1_48' title='bbox 701 2091 848 2154; x_wconf 89' lang='lat' dir='ltr'>misteria</span> 
     </span>
     <span class='ocr_line' id='line_1_12' title="bbox 483 2175 872 2242; baseline 0.005 -4"><span class='ocrx_word' id='word_1_49' title='bbox 483 2175 522 2238; x_wconf 90' lang='lat' dir='ltr'>In</span> <span class='ocrx_word' id='word_1_50' title='bbox 539 2175 658 2239; x_wconf 89' lang='lat' dir='ltr'>seculis</span> <span class='ocrx_word' id='word_1_51' title='bbox 673 2178 872 2242; x_wconf 88' lang='lat' dir='ltr'>abscondita</span> 
     </span>
    </p>
   </div>
   <div class='ocr_carea' id='block_1_8' title="bbox 479 2312 858 2483">
    <p class='ocr_par' dir='ltr' id='par_1_8' title="bbox 479 2312 858 2483">
     <span class='ocr_line' id='line_1_13' title="bbox 481 2312 841 2396; baseline 0.003 -20"><span class='ocrx_word' id='word_1_52' title='bbox 481 2312 608 2377; x_wconf 84' lang='lat' dir='ltr'><strong>Futura</strong></span> <span class='ocrx_word' id='word_1_53' title='bbox 623 2322 657 2377; x_wconf 91' lang='lat' dir='ltr'>et</span> <span class='ocrx_word' id='word_1_54' title='bbox 673 2315 841 2396; x_wconf 85' lang='lat' dir='ltr'>praeterita</span> 
     </span>
     <span class='ocr_line' id='line_1_14' title="bbox 479 2398 858 2483; baseline 0.008 -21"><span class='ocrx_word' id='word_1_55' title='bbox 479 2398 535 2463; x_wconf 89' lang='lat' dir='ltr'>Ac</span> <span class='ocrx_word' id='word_1_56' title='bbox 550 2402 727 2483; x_wconf 86' lang='lat' dir='ltr'>praesentia</span> <span class='ocrx_word' id='word_1_57' title='bbox 743 2402 858 2465; x_wconf 88' lang='lat' dir='ltr'>abdita</span> 
     </span>
    </p>
   </div>
   <div class='ocr_carea' id='block_1_9' title="bbox 480 2533 968 2703">
    <p class='ocr_par' dir='ltr' id='par_1_9' title="bbox 480 2533 968 2703">
     <span class='ocr_line' id='line_1_15' title="bbox 480 2533 968 2619; baseline 0.002 -22"><span class='ocrx_word' id='word_1_58' title='bbox 480 2533 612 2597; x_wconf 80' lang='lat' dir='ltr'><strong>Ymnos</strong></span> <span class='ocrx_word' id='word_1_59' title='bbox 627 2533 769 2619; x_wconf 42' lang='lat' dir='ltr'>&amp;almos</span> <span class='ocrx_word' id='word_1_60' title='bbox 785 2545 819 2598; x_wconf 91' lang='lat' dir='ltr'>et</span> <span class='ocrx_word' id='word_1_61' title='bbox 837 2536 968 2599; x_wconf 86' lang='lat' dir='ltr'>cantica</span> 
     </span>
     <span class='ocr_line' id='line_1_16' title="bbox 481 2619 937 2703; baseline 0.002 -19"><span class='ocrx_word' id='word_1_62' title='bbox 481 2619 596 2703; x_wconf 88' lang='lat' dir='ltr'><strong>Atque</strong></span> <span class='ocrx_word' id='word_1_63' title='bbox 611 2641 706 2685; x_wconf 86' lang='lat' dir='ltr'>sacra</span> <span class='ocrx_word' id='word_1_64' title='bbox 721 2621 937 2685; x_wconf 85' lang='lat' dir='ltr'>libamamina</span> 
     </span>
    </p>
   </div>
   <div class='ocr_carea' id='block_1_10' title="bbox 482 2757 843 2909">
    <p class='ocr_par' dir='ltr' id='par_1_10' title="bbox 482 2757 843 2909">
     <span class='ocr_line' id='line_1_17' title="bbox 482 2757 822 2842; baseline -0.003 -21"><span class='ocrx_word' id='word_1_65' title='bbox 482 2758 523 2821; x_wconf 89' lang='lat' dir='ltr'>In</span> <span class='ocrx_word' id='word_1_66' title='bbox 540 2757 645 2822; x_wconf 86' lang='lat' dir='ltr'>multa</span> <span class='ocrx_word' id='word_1_67' title='bbox 660 2757 822 2842; x_wconf 86' lang='lat' dir='ltr'>patientia</span> 
     </span>
     <span class='ocr_line' id='line_1_18' title="bbox 483 2844 843 2909; baseline -0.006 0"><span class='ocrx_word' id='word_1_68' title='bbox 483 2845 529 2909; x_wconf 90' lang='lat' dir='ltr'>Et</span> <span class='ocrx_word' id='word_1_69' title='bbox 544 2847 682 2909; x_wconf 87' lang='lat' dir='ltr'>caritate</span> <span class='ocrx_word' id='word_1_70' title='bbox 698 2844 843 2908; x_wconf 79' lang='lat' dir='ltr'>fraterna</span> 
     </span>
    </p>
   </div>
   <div class='ocr_carea' id='block_1_11' title="bbox 483 2962 908 3147">
    <p class='ocr_par' dir='ltr' id='par_1_11' title="bbox 483 2962 908 3147">
     <span class='ocr_line' id='line_1_19' title="bbox 483 2962 905 3059; baseline -0.012 -18"><span class='ocrx_word' id='word_1_71' title='bbox 483 2962 763 3041; x_wconf 59' lang='lat' dir='ltr'>Offerebant&#39;tam</span> <span class='ocrx_word' id='word_1_72' title='bbox 779 2974 905 3059; x_wconf 89' lang='lat' dir='ltr'>plucita</span> 
     </span>
     <span class='ocr_line' id='line_1_20' title="bbox 483 3061 908 3147; baseline -0.002 -22"><span class='ocrx_word' id='word_1_73' title='bbox 483 3061 560 3128; x_wconf 88' lang='lat' dir='ltr'>Deo</span> <span class='ocrx_word' id='word_1_74' title='bbox 576 3084 635 3147; x_wconf 86' lang='lat' dir='ltr'>per</span> <span class='ocrx_word' id='word_1_75' title='bbox 649 3083 782 3127; x_wconf 89' lang='lat' dir='ltr'><strong>summa</strong></span> <span class='ocrx_word' id='word_1_76' title='bbox 796 3061 908 3125; x_wconf 86' lang='lat' dir='ltr'>studia</span> 
     </span>
    </p>
   </div>
   <div class='ocr_carea' id='block_1_12' title="bbox 484 3194 903 3364">
    <p class='ocr_par' dir='ltr' id='par_1_12' title="bbox 484 3194 903 3364">
     <span class='ocr_line' id='line_1_21' title="bbox 486 3194 903 3277; baseline -0.005 -19"><span class='ocrx_word' id='word_1_77' title='bbox 486 3194 575 3259; x_wconf 88' lang='lat' dir='ltr'>Uitae</span> <span class='ocrx_word' id='word_1_78' title='bbox 591 3214 660 3258; x_wconf 86' lang='lat' dir='ltr'>suae</span> <span class='ocrx_word' id='word_1_79' title='bbox 676 3215 735 3277; x_wconf 85' lang='lat' dir='ltr'>per</span> <span class='ocrx_word' id='word_1_80' title='bbox 749 3203 903 3277; x_wconf 87' lang='lat' dir='ltr'>tempora</span> 
     </span>
     <span class='ocr_line' id='line_1_22' title="bbox 484 3281 858 3364; baseline -0.005 -19"><span class='ocrx_word' id='word_1_81' title='bbox 484 3281 684 3346; x_wconf 88' lang='lat' dir='ltr'>Beatissima</span> <span class='ocrx_word' id='word_1_82' title='bbox 699 3300 858 3364; x_wconf 85' lang='lat' dir='ltr'>prospera</span> 
     </span>
    </p>
   </div>
   <div class='ocr_carea' id='block_1_13' title="bbox 483 3414 913 3568">
    <p class='ocr_par' dir='ltr' id='par_1_13' title="bbox 483 3414 913 3568">
     <span class='ocr_line' id='line_1_23' title="bbox 483 3414 836 3499; baseline -0.006 -20"><span class='ocrx_word' id='word_1_83' title='bbox 483 3414 628 3479; x_wconf 87' lang='lat' dir='ltr'>Talenta</span> <span class='ocrx_word' id='word_1_84' title='bbox 642 3414 836 3499; x_wconf 86' lang='lat' dir='ltr'>euangelica</span> 
     </span>
     <span class='ocr_line' id='line_1_24' title="bbox 485 3501 913 3568; baseline -0.007 -1"><span class='ocrx_word' id='word_1_85' title='bbox 485 3501 610 3568; x_wconf 86' lang='lat' dir='ltr'><strong>Sancta</strong></span> <span class='ocrx_word' id='word_1_86' title='bbox 626 3523 693 3565; x_wconf 90' lang='lat' dir='ltr'>non</span> <span class='ocrx_word' id='word_1_87' title='bbox 708 3504 780 3565; x_wconf 86' lang='lat' dir='ltr'>sine</span> <span class='ocrx_word' id='word_1_88' title='bbox 796 3520 913 3565; x_wconf 83' lang='lat' dir='ltr'>ussura</span> 
     </span>
    </p>
   </div>
   <div class='ocr_carea' id='block_1_14' title="bbox 485 3640 914 3812">
    <p class='ocr_par' dir='ltr' id='par_1_14' title="bbox 485 3640 914 3812">
     <span class='ocr_line' id='line_1_25' title="bbox 485 3640 914 3705; baseline -0.002 0"><span class='ocrx_word' id='word_1_89' title='bbox 485 3642 680 3705; x_wconf 86' lang='lat' dir='ltr'><strong>Reddentes</strong></span> <span class='ocrx_word' id='word_1_90' title='bbox 696 3640 729 3704; x_wconf 89' lang='lat' dir='ltr'>in</span> <span class='ocrx_word' id='word_1_91' title='bbox 745 3641 914 3705; x_wconf 89' lang='lat' dir='ltr'>dominico</span> 
     </span>
     <span class='ocr_line' id='line_1_26' title="bbox 486 3727 804 3812; baseline 0 -20"><span class='ocrx_word' id='word_1_92' title='bbox 486 3729 595 3812; x_wconf 84' lang='lat' dir='ltr'>Regni</span> <span class='ocrx_word' id='word_1_93' title='bbox 611 3727 804 3810; x_wconf 88' lang='lat' dir='ltr'>gazafilacio</span> 
     </span>
    </p>
   </div>
   <div class='ocr_carea' id='block_1_15' title="bbox 485 3859 896 4030">
    <p class='ocr_par' dir='ltr' id='par_1_15' title="bbox 485 3859 896 4030">
     <span class='ocr_line' id='line_1_27' title="bbox 485 3859 896 3946; baseline -0.005 -21"><span class='ocrx_word' id='word_1_94' title='bbox 485 3859 582 3946; x_wconf 80' lang='lat' dir='ltr'><strong>lZelo</strong></span> <span class='ocrx_word' id='word_1_95' title='bbox 597 3859 726 3943; x_wconf 86' lang='lat' dir='ltr'>aequale</span> <span class='ocrx_word' id='word_1_96' title='bbox 743 3861 896 3924; x_wconf 88' lang='lat' dir='ltr'>meritum</span> 
     </span>
     <span class='ocr_line' id='line_1_28' title="bbox 486 3947 894 4030; baseline -0.005 -18"><span class='ocrx_word' id='word_1_97' title='bbox 486 3958 537 4013; x_wconf 86' lang='lat' dir='ltr'>est</span> <span class='ocrx_word' id='word_1_98' title='bbox 552 3947 678 4011; x_wconf 89' lang='lat' dir='ltr'>honore</span> <span class='ocrx_word' id='word_1_99' title='bbox 693 3947 894 4030; x_wconf 86' lang='lat' dir='ltr'>perhibitum</span> 
     </span>
    </p>
   </div>
   <div class='ocr_carea' id='block_1_16' title="bbox 488 4079 954 4250">
    <p class='ocr_par' dir='ltr' id='par_1_16' title="bbox 488 4079 954 4250">
     <span class='ocr_line' id='line_1_29' title="bbox 488 4079 885 4144; baseline -0.003 0"><span class='ocrx_word' id='word_1_100' title='bbox 488 4079 567 4144; x_wconf 87' lang='lat' dir='ltr'>Una</span> <span class='ocrx_word' id='word_1_101' title='bbox 582 4080 637 4143; x_wconf 86' lang='lat' dir='ltr'>die</span> <span class='ocrx_word' id='word_1_102' title='bbox 652 4079 695 4144; x_wconf 91' lang='lat' dir='ltr'>ad</span> <span class='ocrx_word' id='word_1_103' title='bbox 711 4079 885 4144; x_wconf 89' lang='lat' dir='ltr'>dominum</span> 
     </span>
     <span class='ocr_line' id='line_1_30' title="bbox 488 4165 954 4250; baseline -0.004 -18"><span class='ocrx_word' id='word_1_104' title='bbox 488 4165 533 4232; x_wconf 90' lang='lat' dir='ltr'>Se</span> <span class='ocrx_word' id='word_1_105' title='bbox 549 4167 740 4250; x_wconf 83' lang='lat' dir='ltr'><strong>peragendo</strong></span> <span class='ocrx_word' id='word_1_106' title='bbox 755 4168 954 4231; x_wconf 85' lang='lat' dir='ltr'>altissimum</span> 
     </span>
    </p>
   </div>
   <div class='ocr_carea' id='block_1_17' title="bbox 487 4298 919 4454">
    <p class='ocr_par' dir='ltr' id='par_1_17' title="bbox 487 4298 919 4454">
     <span class='ocr_line' id='line_1_31' title="bbox 487 4298 919 4385; baseline 0.009 -23"><span class='ocrx_word' id='word_1_107' title='bbox 487 4298 615 4383; x_wconf 89' lang='lat' dir='ltr'>Adepti</span> <span class='ocrx_word' id='word_1_108' title='bbox 631 4311 709 4384; x_wconf 89' lang='lat' dir='ltr'>post</span> <span class='ocrx_word' id='word_1_109' title='bbox 726 4303 919 4385; x_wconf 88' lang='lat' dir='ltr'>martyrium</span> 
     </span>
     <span class='ocr_line' id='line_1_32' title="bbox 487 4385 852 4454; baseline 0.003 -2"><span class='ocrx_word' id='word_1_110' title='bbox 487 4385 684 4453; x_wconf 89' lang='lat' dir='ltr'>Uocationis</span> <span class='ocrx_word' id='word_1_111' title='bbox 700 4390 852 4454; x_wconf 88' lang='lat' dir='ltr'>bradium</span> 
     </span>
    </p>
   </div>
   <div class='ocr_carea' id='block_1_18' title="bbox 0 0 1556 5100">
    <p class='ocr_par' dir='ltr' id='par_1_18' title="bbox 0 0 1556 5100">
     <span class='ocr_line' id='line_1_33' title="bbox 0 0 1556 5100; baseline 0 0"><span class='ocrx_word' id='word_1_112' title='bbox 0 0 1556 5100; x_wconf 95' lang='lat' dir='ltr'> </span> 
     </span>
    </p>
   </div>
  </div>
 </body>
</html>
