3068 5100
493 373 750 425 LAMENTATIO
765 373 793 424 S.
812 374 1002 425 AMBROSII.
1310 389 1352 439 141

160 534 216 635 T]
265 538 500 613 reminiscere
518 540 797 613 miserationum
815 559 960 613 tuarum
979 540 1129 615 domine

262 666 328 714 rex
363 666 494 738 regum
537 658 575 714 et
617 641 790 714 dominus
825 642 1096 715 dominantium
1125 641 1265 716 nullum
1298 642 1355 715 uis

312 760 549 837 peccatorum
568 761 688 815 morte
705 744 826 839 perire

258 840 331 914 heu
350 841 514 914 heuheu
533 842 622 915 mihi
641 845 792 917 domine

259 991 445 1088 Spiritum
463 994 715 1090 septiformem
731 1019 843 1090 super
860 1020 920 1067 me
939 994 1092 1069 infunde
1110 993 1203 1067 deus

165 1115 233 1165 12
214 1134 233 1186 ὗ
262 1095 432 1190 spiritum
450 1095 644 1190 sapientiae
662 1112 700 1166 et
719 1094 926 1168 intellectus

258 1194 427 1290 spiritum
445 1194 586 1267 consilii
606 1213 643 1268 et
662 1195 887 1269 fortitudinis

259 1295 428 1410 spiritum
447 1297 611 1368 scientiae
629 1314 666 1369 et
685 1297 833 1392 pietatis

259 1397 389 1490 spiritu
409 1396 600 1493 principali
619 1395 798 1469 confirma
815 1423 875 1469 me

258 1497 426 1592 spiritum
447 1498 588 1570 timoris
607 1498 658 1571 tui
677 1498 797 1571 tribue
815 1498 916 1570 cordi
935 1523 1020 1570 meo

163 1617 234 1686 130
258 1595 331 1669 heu
351 1598 422 1670 heu
441 1597 514 1670 heu
533 1598 622 1670 mihi
641 1600 791 1673 domine
808 1599 895 1696 quia
913 1598 1063 1695 peccaui
1082 1622 1204 1670 coram
1225 1616 1261 1670 te

257 1749 349 1824 Tibi
367 1751 518 1824 domine
537 1776 673 1848 magna
690 1769 746 1824 est
766 1750 961 1824 ineffabilis
978 1750 1230 1824 misericordia

258 1851 324 1923 tibi
344 1851 486 1924 infinita
504 1870 541 1925 et
560 1851 735 1924 naturalis
754 1852 892 1924 iustitia

258 1951 324 2024 tibi
344 1953 459 2025 uirtus
477 1969 515 2025 et
532 1979 606 2048 pax
624 1972 803 2048 perpetua

258 2052 324 2124 tibi
344 2055 423 2126 sine
442 2052 516 2127 fine
532 2053 710 2150 gaudium

163 2175 231 2244 135
261 2153 326 2225 tibi
346 2153 466 2227 honor
483 2173 521 2227 et
538 2152 656 2252 gloria

261 2254 327 2326 tibi
345 2256 612 2351 sempiternum
631 2254 825 2350 imperium

261 2355 327 2427 tibi
347 2357 529 2428 canticum
549 2381 687 2428 nouum
699 2357 780 2429 sine
799 2354 1007 2427 cessatione
1018 2353 1219 2428 concinunt
1232 2353 1353 2453 angeli

260 2471 365 2528 tanta
383 2455 472 2528 mihi
491 2457 527 2528 in
547 2454 604 2527 his
622 2455 796 2529 omnibus
815 2455 918 2527 faciei
938 2455 1105 2528 confusio
1123 2473 1181 2529 est

257 2555 331 2628 heu
350 2556 422 2629 heu
441 2557 514 2631 heu
532 2557 620 2629 mihi
635 2557 785 2629 domine
803 2557 890 2652 quia
904 2557 1054 2653 peccaui

166 2731 235 2798 140
263 2707 476 2805 Usquequo
494 2707 644 2781 domine
662 2682 890 2781 obliuisceris
908 2734 968 2781 me
987 2708 1023 2780 in
1043 2707 1155 2780 finem

260 2835 454 2905 usquequo
472 2809 622 2881 domine
641 2810 778 2882 auertis
797 2807 982 2881 salubrem
1001 2835 1023 2880 a
1041 2834 1101 2881 me
1119 2804 1265 2879 saciem¹

259 2935 454 3006 usquequo
482 2909 633 2983 domine
667 2910 903 2983 sustinebis
895 2909 1108 3005 miquitates
1133 2934 1236 2980 meas
1263 2906 1356 2979 deus

310 3036 415 3084 meus

261 3137 455 3208 usquequo
473 3110 724 3184 exaltabitur
715 3111 884 3184 mimicus
902 3137 1008 3183 meus
1026 3135 1138 3206 super
1156 3107 1230 3181 me¹2

261 3237 456 3309 usquequo
474 3212 691 3285 exardescet
710 3238 821 3308 super
839 3238 899 3284 me
917 3213 1010 3284 sicut
1030 3212 1126 3326 ignis
1145 3211 1198 3282 ira
1216 3207 1293 3282 tua³

167 3335 232 3405 145
262 3337 456 3409 usquequo
476 3338 535 3385 me
553 3313 992 3410 expectabislonganimi
1010 3311 1189 3409 patientia

260 3413 332 3486 heu
351 3413 424 3487 heu
443 3413 516 3486 heu
535 3413 624 3486 mihi

260 3565 394 3640 Xriste
414 3564 576 3638 saluator
594 3564 683 3638 mihi
703 3563 846 3637 uultum
865 3581 969 3636 tuum
988 3562 1146 3636 ostende

260 3667 389 3739 Xriste
407 3693 429 3738 a
447 3692 507 3738 me
526 3684 688 3738 transeat
708 3665 914 3762 indignatio
933 3665 995 3736 irae
1015 3683 1087 3736 tuae

259 3766 387 3840 Xriste
407 3787 443 3839 te
461 3767 641 3863 deprecor
667 3786 707 3838 ut
735 3791 809 3838 non
835 3767 870 3838 in
897 3766 1019 3838 surore
1046 3781 1111 3836 tuo
1137 3786 1272 3859 arguas
1296 3786 1355 3832 me

309 3868 466 3941 obsecro

164 3990 234 4060 150
263 3967 393 4041 Xriste
411 3988 451 4040 ut
470 3993 544 4041 non
563 3967 766 4041 secundum
786 3993 909 4039 meum
928 3985 1050 4038 actum
1070 3990 1129 4037 me
1149 3962 1287 4035 iudices

253 4069 401 4162 [Xriste
423 4070 508 4142 Iesu
527 4068 669 4142 saluum
690 4067 745 4139 sac
764 4066 877 4139 filiurn
896 4067 1037 4140 ancillae
1057 4086 1129 4138 tuae
1168 4061 1244 4160 [sol.
1268 4061 1341 4134 22b

259 4170 386 4242 Xriste
404 4169 547 4241 saluum
565 4170 623 4242 sac
641 4194 789 4242 seruum
808 4188 912 4241 tuum
930 4187 1142 4265 sperantem
1162 4166 1200 4236 in
1219 4182 1256 4236 te

258 4270 330 4343 heu
349 4271 422 4344 heu
441 4271 514 4343 heu

331 4437 339 4465 ¹
353 4437 389 4478 Pr.
398 4436 435 4478 xii.
447 4451 464 4477 ι.
666 4433 677 4461 ³
690 4435 726 4475 Ps.
736 4432 774 4476 xii.
784 4449 803 4486 3.
1005 4432 1016 4460 ⁸
1030 4432 1065 4474 1⁵2
1075 4429 1158 4472 luviii.
1168 4445 1188 4482 ς.
