3068 5100
694 376 828 425 LORICA
849 377 998 426 GILDAE.

506 519 599 603 Tege
615 520 759 583 uesicam
775 520 908 602 adipem
925 529 958 583 et
974 529 1093 602 pantes

508 607 743 690 compaginum
760 607 949 670 innumeros
965 607 1104 670 ordines
1131 619 1133 624 “

507 773 600 853 Tege
615 769 700 859 pilos
716 779 816 853 atque
834 770 983 834 membra
999 771 1126 854 reliqua

505 877 645 941 quorum
663 858 746 920 sorte
762 859 902 939 praeterii
919 859 1055 921 nomina

505 1022 598 1105 Tege
613 1029 720 1083 totum
738 1040 791 1082 me
807 1040 880 1083 cum
898 1020 1045 1103 quinque
1061 1019 1211 1084 sensibus

505 1119 629 1172 etcum
647 1108 761 1170 decem
779 1107 957 1170 fabrifactis
974 1108 1096 1170 foribus

508 1273 578 1337 Utii
594 1293 614 1334 a
629 1271 752 1353 plantis
768 1290 872 1352 usque
887 1270 930 1333 ad
947 1271 1103 1335 uerticem

505 1358 597 1423 nullo
614 1359 762 1422 membro
779 1357 856 1420 soris
872 1358 960 1421 intus
976 1367 1123 1440 egrotem

444 1492 448 1499 Ι
507 1522 559 1585 Ne
575 1522 616 1584 de
633 1542 708 1584 meo
722 1518 811 1604 posit
826 1520 930 1584 uitam
946 1522 1077 1584 trudere

505 1609 607 1692 pestis
625 1608 722 1671 febris
737 1607 853 1690 langor
868 1607 963 1671 dolor
978 1628 1114 1690 corpore

506 1772 623 1835 Donec
640 1772 704 1833 iam
721 1771 785 1832 deo
808 1762 908 1833 dante
924 1771 1051 1834 seniam

505 1868 538 1923 et
554 1868 689 1941 peccata
706 1877 779 1920 mea
793 1856 890 1920 bonis
906 1857 1000 1920 sactis
1016 1857 1145 1921 deleam

505 2022 551 2085 Et
565 2021 607 2083 de
622 2040 719 2083 came
736 2019 805 2082 iens
821 2019 904 2083 labis
920 2040 1050 2083 caream

504 2116 538 2171 et
553 2108 596 2170 ad
612 2108 679 2169 alta
695 2106 826 2169 euolare
843 2106 972 2169 ualeam

504 2271 551 2334 Et
566 2270 701 2334 miserto
717 2269 781 2331 deo
796 2269 838 2331 ad
855 2268 978 2331 etheria

502 2357 587 2420 letus
603 2357 704 2420 uehar
719 2356 810 2440 regni
827 2356 992 2439 refrigeria

892 2443 962 2506 Fin.
979 2443 1012 2506 it.
1029 2463 1137 2506 amen.

297 2650 410 2723 ΕΝΔΨ]
446 2653 479 2722 85
499 2651 639 2706 uessicam
664 2653 689 2704 N
710 2651 851 2706 uesiccam
870 2654 892 2705 C
912 2652 1030 2707 uisicam
1051 2658 1077 2705 Ψ
1118 2664 1213 2724 panes
1238 2655 1265 2707 N
1291 2664 1393 2724 pantos
1413 2659 1437 2706 Ψ

243 2727 278 2779 86
296 2723 484 2794 conpaginum
504 2724 582 2777 CNA
717 2723 751 2786 87
770 2723 858 2791 piclos
876 2728 901 2774 Ψ
936 2724 1028 2794 adque
1045 2728 1071 2775 Ψ
1212 2725 1246 2779 88
1265 2725 1436 2794 praeteriiC

243 2795 383 2866 praeteribi
397 2796 423 2848 N
438 2793 578 2920 praeteriui
591 2797 613 2845 A
625 2792 756 2863 preteribi
768 2798 794 2843 Ψ
923 2794 957 2862 89
976 2811 1096 2866 cumque
1108 2794 1237 2850 sensibus
1249 2799 1275 2846 Ψ
1404 2811 1439 2863 9ο

241 2866 334 2922 decim
348 2866 400 2920 CN
414 2865 443 2919 sa
463 2882 492 2919 re
506 2866 559 2919 CN
573 2864 787 2918 iabraeAsactis
801 2865 879 2918 CNA
1048 2881 1080 2933 91
1102 2876 1132 2921 ut
1145 2867 1223 2921 CNA
1259 2865 1286 2920 in
1367 2866 1439 2920 adA

241 2937 383 2993 uertice?
498 2951 533 3003 92
552 2935 679 2988 membro
694 2939 794 2988 meo?
828 2953 880 2988 om.
895 2946 969 2989 intus
987 2942 1010 2986 Δ
1126 2951 1162 3004 93
1180 2935 1270 3006 possit
1310 2939 1337 2991 N
1351 2937 1437 2992 uitam

242 3007 350 3079 possint
368 3014 391 3059 Δ
531 3021 565 3073 94
584 3022 635 3058 om
655 3005 777 3059 febris?
824 3006 943 3074 languor
956 3008 1007 3059 NA
1148 3020 1182 3077 95
1201 3007 1438 3077 namproiam?

241 3080 327 3134 dante
345 3078 400 3133 deo
418 3079 464 3132 CA
500 3093 614 3141 seneam
628 3077 705 3129 CNA
828 3078 863 3142 96
880 3094 932 3130 om.
946 3077 1027 3132 factis
1041 3079 1119 3132 CNA
1250 3091 1285 3146 97
1304 3087 1335 3133 ut
1341 3083 1438 3148 proet

243 3152 320 3205 CNA
355 3148 419 3202 imis
425 3153 482 3218 pro
494 3146 566 3201 labis
579 3148 631 3201 CN
646 3146 765 3200 himisA
882 3162 918 3214 99
935 3147 1291 3203 aetheriaCaetheriaNA
1302 3149 1438 3205 ubera?

245 3237 294 3275 1co
312 3222 401 3274 laetus
415 3221 461 3274 CA
474 3221 554 3272 laetus
570 3219 595 3270 N
634 3218 722 3270 uehor
735 3219 757 3271 C
772 3217 848 3285 regni
860 3219 964 3272 uechar
978 3220 1003 3271 N
1150 3234 1196 3273 101
1217 3237 1270 3273 om.
1284 3219 1344 3274 finit
1359 3220 1436 3274 CNA

241 3309 323 3347 amen
336 3292 378 3344 bis
392 3293 418 3345 N
465 3289 562 3342 Aadd.
577 3286 699 3358 Explicit
712 3288 833 3357 hymnus
841 3304 925 3357 quem
941 3290 1085 3344 Lathacan
1099 3289 1251 3359 Scotigena
1264 3290 1336 3345 fecit.
