3068 5100
558 382 692 433 GLORIA
711 382 759 432 IN
770 382 828 431 EX
828 381 961 432 CELSIS.

697 1157 826 1242 [Nom]

225 1337 266 1421 T]
307 1343 357 1402 sol.
374 1343 413 1417 9b
427 1344 459 1400 in
473 1352 535 1419 sup.
552 1362 642 1417 marg.
686 1388 693 1401 .
736 1388 743 1402 .
787 1344 875 1402 dictae
890 1353 958 1401 sunt
972 1361 989 1401 a
1003 1341 1113 1418 quibus
1127 1340 1224 1400 occuli
1241 1342 1368 1400 forman·

165 1430 219 1478 tur.
236 1423 332 1483 Nares
346 1424 433 1483 dictae
448 1443 516 1499 quae
530 1444 570 1483 aer
584 1424 631 1483 uei
647 1425 766 1499 spiritus
777 1424 874 1499 nabe)
887 1442 947 1482 non
956 1423 1058 1483 disinit
1070 1444 1079 1497 3
1092 1423 1123 1481 in
1136 1421 1182 1482 his
1197 1423 1260 1482 dua
1270 1423 1366 1482 officia

166 1520 260 1561 unum
275 1503 406 1564 ducendi
420 1506 546 1581 spiritus,
562 1507 687 1564 alterum
702 1505 839 1582 capiendi
855 1505 972 1577 odores,
988 1504 1107 1564 tertium
1121 1513 1166 1563 est
1180 1502 1366 1580 purgamemi

166 1584 278 1644 cerebri
301 1586 459 1647 defluentis
480 1605 605 1663 egerere.
649 1587 693 1647 Os
717 1588 831 1646 dictum
855 1599 899 1646 est
923 1584 1035 1663 (quasi)
1059 1585 1191 1661 corporis
1214 1584 1367 1655 hostium;

166 1663 251 1724 cuius
272 1665 385 1743 species
407 1669 437 1725 in
458 1668 577 1726 duobus
598 1677 716 1726 constat
739 1668 852 1739 officiis,
868 1666 1004 1726 sumendi
1027 1665 1124 1725 uictus
1147 1665 1191 1739 (et
1211 1664 1368 1742 loquendi)

166 1746 282 1823 linguae.
301 1749 591 1808 Labiaalambendo
603 1749 755 1807 nominata
767 1760 844 1808 sunt.
861 1746 1245 1824 Linguaaligendocibum
1281 1793 1288 1805 .
1320 1792 1327 1804 .
1357 1791 1365 1803 .

168 1829 291 1901 Dentes,
308 1830 339 1889 id
353 1841 398 1888 est
412 1831 524 1906 priores
538 1831 666 1888 molares
680 1829 779 1889 canini
795 1828 846 1906 qui
861 1830 1007 1906 uigesimo
1024 1829 1118 1887 aetatis
1131 1846 1213 1886 anno
1227 1828 1365 1886 existunt.

168 1908 274 1986 Gignae
294 1929 311 1969 a
332 1909 467 1987 gigendis
488 1910 637 1970 dentibus.
656 1912 770 1970 Fauces
795 1922 864 1969 sunt
886 1922 1019 1987 angustae
1040 1910 1145 1968 fistuke
1167 1908 1253 1985 quasi
1276 1910 1364 1967 foces

170 1993 277 2050 Pectus
288 1991 418 2050 hominis
428 2006 473 2052 est
485 2004 589 2067 patens
604 2004 633 2051 et
648 2003 782 2066 rectum3
803 1993 924 2068 plenum
940 1992 1019 2049 enim
1035 1992 1149 2049 ratione
1164 2009 1225 2049 non
1241 1990 1367 2050 decebat

168 2091 234 2131 esse
248 2074 342 2132 latens
363 2074 411 2133 uel
433 2073 562 2132 humilis.
581 2074 694 2149 Papiiia
713 2087 782 2131 sunt
800 2074 929 2150 capitula
950 2090 1097 2130 mammae.
1116 2074 1172 2131 Per
1191 2070 1365 2130 umbilicum

169 2154 246 2212 fetus
261 2154 334 2213 durn
350 2171 394 2213 est
409 2154 438 2212 in
455 2167 561 2214 nutero
576 2155 720 2212 nutritur.¹

571 4430 577 4458 2
591 4430 620 4470 Cf
637 4428 688 4470 trid.
702 4430 887 4480 Distu-curiarum
898 4430 930 4469 Η.
941 4443 970 4477 ¹7·
