3068 5100
551 372 601 420 TE
616 372 737 422 DEUM
748 370 967 420 LAUDAMUS.
1342 374 1372 422 61

200 531 209 576 1
235 514 286 577 Te
303 525 432 597 patrem
448 514 627 578 adoramus
642 524 815 589 aeternum,
830 523 864 576 te
886 513 1127 594 sempiternum
1152 513 1254 576 filium
1282 516 1375 578 inuo-

234 646 362 703 camus,
375 636 476 708 teque
494 627 647 707 spiritum
671 636 825 689 sanctum
842 627 875 688 in
896 646 963 687 una
986 626 1172 689 diuinitatis
1187 628 1375 691 substantia

236 738 446 821 manentem!
468 737 676 802 confitemur.
721 739 798 801 Tibi
822 739 878 800 uni
904 738 968 800 deo
987 739 1020 800 in
1041 738 1191 800 trinitate
1237 735 1306 824 [sol.
1328 758 1374 804 11.

234 852 368 915 debitas
397 850 513 913 laudes
543 861 577 913 ct
606 852 731 932 gratias
757 851 927 913 referimus
954 860 991 912 ut
1021 860 1055 912 te
1082 851 1268 915 incessabili
1292 873 1375 916 uocc

192 980 208 1044 3
235 965 374 1026 laudare
389 983 576 1027 mereamur
591 985 650 1045 per
665 974 780 1027 eterna
796 964 920 1026 saecula

223 1196 288 1268 ΡΑ]
325 1197 573 1252 asubstantiaeA
662 1197 853 1263 arefierimus
868 1199 890 1250 F
908 1197 1099 1252 reseremusA
1191 1199 1376 1268 smeriamur

162 1285 218 1336 per
230 1281 341 1323 aetenra
350 1271 454 1324 saecula
466 1270 641 1323 saeculomm
654 1272 680 1323 A
693 1284 799 1323 aetema
812 1270 906 1322 secula
919 1271 1076 1323 seculorum
1088 1287 1172 1323 amen
1187 1272 1209 1323 F

701 1988 851 2072 [Nomii]

234 2163 277 2246 T]
318 2167 368 2226 sol,
389 2168 445 2226 rob
460 2170 492 2225 in
505 2178 568 2245 sup.
585 2189 677 2244 nrarg.

233 2249 312 2306 uade
325 2260 355 2307 et
369 2250 469 2308 uende
483 2249 584 2308 omnia
593 2268 792 2326 quaecumque
804 2250 897 2308 habes
912 2261 942 2307 et
956 2249 995 2307 da
1010 2249 1191 2324 pauperibus
1206 2263 1236 2309 et
1250 2249 1375 2310 habebis

176 2329 374 2405 (thesaurum)
388 2331 420 2387 in
433 2331 508 2389 caelo
522 2342 552 2390 et
565 2333 635 2389 ueni
646 2349 771 2406 sequere
785 2335 843 2389 me¹
886 2375 893 2387 .
938 2376 944 2388 .
988 2376 995 2388 .
1038 2341 1229 2390 conuertatur
1265 2378 1272 2390 .
1316 2378 1322 2390 .

176 2422 204 2468 et
224 2429 364 2485 possesus
384 2424 429 2470 est
450 2424 480 2471 et
504 2431 565 2470 non
588 2431 707 2487 possess
749 2457 756 2470 .
798 2455 805 2469 .
849 2456 856 2468 .
899 2411 1052 2471 Christum
1074 2413 1208 2484 sequitur
1230 2412 1282 2488 qui
1305 2432 1374 2472 eum

177 2494 313 2563 imitatur,
329 2494 376 2562 (ut
396 2492 458 2562 ait),
476 2494 591 2552 Discite
607 2513 625 2551 a
640 2512 689 2551 me
710 2493 781 2569 quia
802 2491 881 2550 mitis
901 2510 967 2550 sum
989 2504 1019 2551 et
1040 2493 1181 2551 humilis.²
1221 2494 1374 2554 Christum

176 2573 308 2647 sequitur
322 2574 373 2649 qui
388 2574 461 2631 nihil
475 2575 626 2649 proprium
649 2575 679 2631 in
700 2585 776 2633 terra
790 2573 933 2649 possidet,
949 2586 981 2630 ut
995 2574 1044 2645 ait,
1062 2572 1154 2632 Filius
1168 2573 1299 2633 hominis
1314 2595 1375 2634 non

177 2653 265 2713 habet
280 2653 331 2713 ubi
346 2666 435 2729 caput
449 2653 592 2713 reclinet.³
632 2655 784 2715 Christum
806 2653 940 2730 sequitur
959 2654 1010 2730 qui
1032 2673 1068 2713 ex
1088 2656 1179 2715 corde
1196 2675 1251 2732 pro
1266 2676 1298 2715 se
1312 2671 1376 2715 orat

178 2747 208 2793 ut
221 2737 272 2807 ait,
288 2737 376 2794 Pater
390 2736 511 2811 ignosce
525 2737 590 2804 illis,
605 2738 742 2794 nesciunt
756 2735 836 2795 enim
851 2735 924 2811 quid
939 2735 1072 2793 faciunt.⁴
1114 2736 1266 2796 Christum
1281 2740 1377 2814 sequi-

178 2830 223 2874 tur
236 2817 288 2892 qui
304 2835 364 2875 non
380 2835 464 2875 suam
479 2816 654 2892 (propriam)
670 2817 855 2875 uoluntatem
870 2818 1011 2891 sequitur,
1024 2829 1056 2875 ut
1070 2819 1119 2890 ait,
1137 2819 1206 2894 Ipse
1216 2837 1277 2878 non
1292 2821 1377 2895 quod

178 2916 232 2974 ego
253 2898 325 2956 uolo
345 2898 399 2956 sed
420 2899 502 2974 quod
525 2910 556 2956 tu
578 2899 645 2956 uis.⁸
685 2898 838 2959 Christum
863 2897 996 2973 sequitur
1021 2900 1072 2973 qui
1096 2899 1227 2959 abstinet
1247 2919 1279 2959 se
1300 2904 1376 2959 escis

178 2979 345 3038 ramalibus
358 2991 391 3037 ut
406 2979 469 3054 ipse
484 2979 530 3037 .x!.
554 2977 661 3038 diebus
684 2979 827 3038 ieiunauit
848 3023 855 3035 .
880 2978 972 3038 Unde
992 2977 1015 3036 si
1038 2998 1108 3038 eum
1131 2980 1215 3056 sequi
1237 2983 1377 3040 uolumus

177 3061 312 3136 exempla
324 3061 389 3119 eius
403 3079 580 3136 sequamur:
601 3061 652 3135 qui
667 3061 748 3118 enim
760 3060 912 3120 Christum
928 3059 977 3118 hic
991 3061 1126 3135 sequitur
1139 3063 1169 3119 in
1181 3062 1268 3120 bonis
1282 3064 1377 3137 operi-

179 3139 241 3212 bus,
257 3141 389 3217 sequitur
409 3160 478 3199 eum
500 3140 530 3198 in
552 3159 644 3217 regno
665 3142 772 3212 futuro,
794 3152 827 3199 ut
848 3152 894 3199 est
916 3139 999 3213 illud,
1016 3141 1059 3200 Hi
1081 3155 1246 3218 sequuntur
1265 3163 1375 3220 agnum

179 3241 360 3299 quocunque
375 3220 461 3282 ierit‘

235 3419 277 3502 T]
318 3422 368 3480 iol.
388 3441 420 3478 11
438 3441 469 3478 tn
483 3431 545 3489 sup.
559 3441 652 3495 marg.

236 3549 243 3561 .
287 3548 294 3560 .
338 3548 345 3561 .
387 3504 584 3562 admoneatur
605 3500 723 3560 animus
737 3502 775 3560 ad
792 3514 926 3560 naturam
942 3504 1182 3564 excellentiorem
1198 3503 1377 3580 se(conrer-

179 3596 245 3655 tere,
262 3584 293 3643 id
308 3584 366 3656 est)
380 3585 419 3643 ad
433 3584 533 3649 deum.
549 3602 619 3642 cum
635 3584 732 3659 ipsum
747 3601 854 3658 corpus
868 3582 932 3642 eius
946 3584 1030 3659 quod
1045 3597 1201 3655 terrenum,
1215 3586 1255 3645 ad
1269 3605 1377 3663 corpus

176 3666 377 3735 excellentius,
394 3664 425 3724 id
439 3678 483 3723 est
498 3664 564 3740 (ad)
577 3683 686 3739 corpus
707 3665 817 3723 celeste
837 3666 1041 3724 conuertitur.⁷
1063 3666 1123 3740 Qui
1146 3668 1250 3742 quaerit
1264 3666 1378 3742 sapien-

176 3747 247 3806 tiam
275 3765 325 3805 me
359 3745 471 3822 quaerit.
504 3746 680 3805 Benedictio
709 3747 773 3804 sine
808 3746 907 3804 radice
943 3764 1004 3803 non
1039 3746 1153 3805 crescit.
1183 3748 1377 3808 Orationibus

176 3828 366 3898 mundamur,
382 3825 559 3885 lectionibus
575 3828 754 3898 instruimur,
771 3840 932 3902 utrumque
946 3827 1059 3885 bonum
1075 3840 1127 3893 est.
1144 3829 1166 3885 si
1183 3828 1260 3894 licet.
1276 3830 1300 3887 si
1316 3849 1377 3889 non

174 3909 253 3981 licet,
269 3910 376 3968 melius
391 3920 435 3968 est
449 3926 533 3967 orare
546 3927 637 3984 quarn
652 3909 757 3983 legere.
774 3908 835 3982 Qui
851 3909 915 3965 uult
930 3907 1010 3982 (cum
1031 3909 1103 3985 deo)
1122 3928 1187 3968 esse
1211 3910 1380 3986 frequenter

175 3989 282 4063 (debet
297 3988 394 4050 orarel
409 4000 438 4048 et
453 3990 550 4065 legere
584 4033 793 4047 .....
837 3989 891 4046 tibi
907 3989 1015 4064 legenti
1032 3992 1163 4065 loquitur
1176 3991 1273 4049 deus?

236 4071 336 4130 anima
352 4071 599 4146 uniuscuiusque
614 4082 704 4128 testat
719 4082 787 4144 post
808 4082 935 4129 mortem
959 4072 1058 4128 locum
1102 4117 1108 4130 .
1152 4117 1159 4129 .
1203 4118 1209 4129 .
1252 4084 1315 4131 erat
1336 4073 1379 4132 sic

173 4154 344 4229 sepulturae
358 4164 388 4209 et
430 4198 436 4210 .
480 4197 486 4209 .
531 4196 537 4208 .
581 4164 703 4209 uenerat
715 4152 745 4208 in
760 4151 907 4209 mundum
923 4164 952 4210 et
968 4153 1067 4210 locum
1084 4151 1232 4211 babtismi.

176 4379 235 4420 ¹15.
247 4377 305 4420 xviii.
316 4393 347 4419 ao.
450 4377 596 4419 thiedan.
701 4375 860 4416 utri-iiim.
964 4375 1137 4426 ‘lc.rxiii.34.
1226 4376 1336 4428 ’Jnaiii
1349 4393 1379 4426 14.

175 4432 265 4477 ‘Aput
275 4430 348 4479 rim.
426 4427 696 4478 ⁷.tug..s·arm.1³mu.iu
706 4428 849 4473 maurella„
918 4426 1064 4468 'lsido'enn
1078 4425 1341 4471 iihifflihernensisrrr.
1357 4434 1379 4475 rt
