3068 5100
339 367 553 418 ORATIONES
566 368 798 418 EXCERPTAE
813 369 869 418 DE
884 368 1102 419 PSALTERIO.
1276 379 1323 430 1⁴7

119 530 166 614 T]
208 532 260 595 Ne
275 531 374 593 simul
389 531 502 594 tradas
519 551 572 593 me
587 551 664 593 cum
680 530 909 613 peccatoribus

123 636 186 682 110
207 629 333 682 etcum
349 618 563 701 operantibus
578 619 788 700 iniquitatem
806 639 848 681 ne
863 618 1044 700 perdediris
1060 620 1125 680 me¹

210 707 248 769 ln
264 715 298 768 te
314 706 448 768 domine
462 705 594 786 speraui
610 725 676 767 non
692 704 876 767 confundar
890 706 924 767 in
940 714 1102 768 aetemum

207 795 241 855 in
257 803 315 856 tua
331 793 456 855 iustitia
471 792 573 855 libera
590 796 656 854 me*

209 880 336 943 Inclina
351 880 393 942 ad
410 900 463 941 me
479 899 590 941 aurem
608 888 700 941 tuam
717 879 862 941 accelera
876 889 913 942 ut
928 899 1023 941 eruas
1040 899 1094 941 me

208 968 292 1030 Esto
308 967 388 1028 mihi
404 966 437 1029 in
452 967 553 1029 deum
570 975 789 1047 protectorem

125 1068 184 1134 115
208 1064 242 1117 et
257 1056 291 1117 in
307 1054 444 1116 domum
461 1052 578 1135 refugii
595 1063 633 1115 ut
648 1053 777 1115 saluum
795 1072 849 1115 me
865 1050 978 1115 sacies³

208 1141 375 1224 Quoniam
392 1140 550 1203 fortitudo
566 1160 640 1202 mea
654 1150 689 1202 et
704 1138 865 1221 refugium
880 1160 991 1202 meum
1006 1160 1042 1202 es
1058 1150 1094 1203 tu

206 1242 240 1291 ct
256 1238 391 1310 propter
406 1247 526 1289 nomen
542 1236 637 1289 tuum
654 1226 797 1289 deduces
814 1236 916 1289 meet
932 1229 1076 1290 enutries
1093 1224 1160 1290 me⁴

208 1316 340 1378 Educes
357 1334 411 1377 me
426 1314 468 1376 de
484 1314 603 1395 laqueo
617 1313 681 1375 hoc
696 1333 796 1394 quem
812 1315 1093 1377 abscondidenmt
1108 1315 1189 1377 mihi

205 1403 363 1485 quoniam
379 1411 416 1464 tu
427 1421 463 1463 es
479 1409 645 1482 protector
660 1402 768 1462 meus⁵

122 1506 185 1552 120
209 1490 247 1552 ln
265 1509 382 1551 manus
399 1499 472 1551 tuas
488 1487 622 1550 domine
638 1487 837 1549 commendo
851 1488 1004 1569 spiritum
1022 1508 1132 1551 meum

206 1577 366 1638 redimisti
384 1596 437 1637 me
453 1575 587 1637 domine
602 1575 684 1636 deus
700 1575 862 1637 ueritatis⁶

207 1663 364 1726 Miserere
380 1663 444 1725 mei
461 1663 595 1724 domine
606 1662 763 1742 quoniam
780 1661 928 1724 tribulor*

207 1751 308 1832 Eripe
324 1771 378 1812 me
394 1750 436 1811 de
452 1768 552 1811 manu
568 1749 774 1810 inimicorum
792 1769 940 1811 meonrm

205 1847 239 1900 et
255 1858 275 1899 a
291 1836 564 1919 persequentibus
580 1838 648 1897 me⁸

123 1941 160 1985 12
165 1938 181 2003 3
208 1924 340 1987 illustra
356 1923 473 1986 faciem
489 1933 582 1985 tuam
598 1941 697 2004 super
710 1942 844 1984 seruum
860 1930 956 1985 tuum

205 2012 335 2073 saluum
352 2030 406 2073 me
423 2010 473 2072 iac
489 2011 523 2072 in
540 2009 762 2070 misericordia
777 2010 848 2070 tua⁹

204 2098 339 2160 domine
354 2118 414 2160 nec
430 2095 613 2158 confundar
622 2097 780 2176 quoniam
797 2096 948 2158 inuocaui
965 2098 1025 2159 te¹⁰

210 2185 379 2247 Delictum
396 2204 507 2246 meum
521 2183 691 2264 cognitum
707 2182 766 2245 tibi
783 2181 845 2244 seci

204 2281 239 2334 et
254 2272 449 2334 iniustitiam
466 2289 575 2332 meam
593 2289 658 2331 non
675 2270 877 2332 abscondedi

122 2376 183 2440 130
206 2359 288 2421 Dixi
305 2356 486 2420 confitebor
501 2357 675 2419 aduersum
693 2376 746 2418 me
763 2357 958 2419 iniustitiam
975 2377 1084 2419 meam
1100 2358 1238 2420 domino

204 2456 238 2508 et
252 2455 289 2508 tu
306 2445 460 2508 remisisti
476 2444 682 2525 impietatem
699 2445 826 2525 peccati
844 2443 933 2506 mei¹¹

204 2533 257 2595 Tu
273 2553 309 2594 es
325 2531 488 2613 refugium
506 2550 617 2592 meum
634 2550 654 2591 a
668 2530 880 2593 tribulatione
895 2551 960 2612 que
975 2531 1179 2595 circundedit
1196 2552 1249 2595 me

203 2620 369 2682 exultatio
384 2638 459 2680 mea
473 2638 550 2679 erue
566 2637 620 2678 me
636 2638 656 2678 a
670 2617 938 2680 circundantibus
954 2620 1033 2681 me¹²

204 2707 280 2769 Fiat
295 2706 429 2768 domine
445 2704 667 2767 misericordia
682 2714 740 2766 tua
754 2724 854 2785 super
868 2725 928 2767 nos

121 2808 179 2874 135
204 2793 487 2874 quemadmodum
504 2791 711 2874 sperauimus
728 2792 761 2853 in
778 2793 837 2853 te¹³

207 2880 321 2943 ludica
337 2880 471 2941 domine
488 2889 643 2941 nocentes
659 2898 712 2939 me

204 2987 362 3049 expugna
378 2968 612 3049 impugnantes
629 2966 707 3026 me¹⁴

205 3053 431 3137 Apprehende
446 3073 538 3115 arma
552 3063 587 3114 et
602 3062 735 3114 scutum

203 3152 236 3203 et
252 3161 379 3222 exurge
396 3142 429 3201 in
446 3140 644 3202 adiutorium
662 3137 769 3199 mihi¹³

120 3244 183 3306 140
206 3227 350 3290 Effunde
366 3227 525 3289 frameam
541 3235 575 3288 et
591 3225 752 3288 conclude

204 3315 363 3377 aduersus
378 3335 436 3376 eos
452 3314 509 3395 qui
526 3321 741 3393 persecuntur
756 3331 809 3374 me

204 3402 257 3463 dic
272 3403 384 3464 anima
400 3421 473 3462 mea
488 3400 578 3462 salus
593 3409 653 3462 tua
667 3418 731 3479 ego
745 3401 847 3461 sum¹⁶

202 3488 363 3571 [Domine
378 3488 513 3569 quando
528 3488 682 3568 respicies
1156 3484 1224 3571 [sol.
1242 3489 1315 3566 24b.

203 3576 338 3638 restitue
354 3577 499 3637 animam
517 3594 624 3636 meam
642 3594 662 3636 a
679 3573 886 3656 malignitate
898 3593 1011 3635 eorum

120 3676 179 3742 145
204 3683 224 3724 a
239 3662 381 3725 lionibus
398 3663 527 3724 unicam
545 3662 679 3722 meam¹²

204 3749 281 3811 Non
298 3748 556 3831 supergaudiant
573 3749 653 3810 mihi
669 3748 725 3830 qui
742 3748 960 3810 aduersantur
975 3747 1055 3809 mihi
1071 3748 1183 3829 inique

201 3838 258 3919 qui
274 3837 426 3899 odierunt
442 3856 495 3897 me
511 3836 612 3916 gratis
628 3844 662 3897 et
678 3844 828 3897 annuunt
840 3835 969 3896 oculis¹⁸

205 3924 329 3987 Uidisti
345 3923 479 3985 domine
495 3942 536 3984 ne
551 3922 649 3984 sileas

201 4011 335 4072 domine
352 4030 392 4071 ne
408 4009 559 4071 discedas
575 4030 595 4070 a
611 4008 690 4071 me¹⁹

152 4216 160 4243 ¹
174 4215 208 4255 Ps.
219 4215 284 4257 xxvii.
294 4231 313 4267 3.
365 4215 375 4242 ²
390 4215 423 4254 Pe
434 4228 483 4255 xxx.
495 4229 513 4254 r.
615 4213 624 4240 ⁸
639 4213 672 4253 Pe
683 4227 733 4252 xxx.
744 4227 762 4263 a
872 4212 929 4255 ⁴1³2
944 4227 994 4253 xxx.
1005 4228 1023 4262 ⁴·
1134 4214 1143 4240 ⁵
1157 4213 1191 4254 Pe
1202 4228 1251 4254 m.
1263 4228 1281 4264 5

110 4266 124 4293 ⁴
138 4266 172 4306 1³2
182 4281 231 4306 xxx.
242 4269 260 4307 ⁶.
363 4266 372 4295 7
387 4266 421 4306 Pe
431 4279 482 4305 xxx.
494 4280 524 4305 ιο.
613 4266 623 4291 ⁰
637 4263 672 4304 Pr.
682 4278 732 4303 xxx.
743 4265 772 4303 16.
856 4262 884 4322 ,θ’
898 4263 932 4303 Pe
943 4278 993 4304 xxx.
1003 4278 1032 4314 ¹7-
1124 4264 1141 4292 ¹⁰
1155 4264 1248 4305 pem.
1259 4268 1289 4306 ιλ

114 4316 131 4344 ¹¹
146 4316 180 4357 Ps.
191 4317 248 4358 xxxi.
260 4332 277 4366 ς
356 4316 373 4344 ¹¹
387 4316 422 4356 Pr.
431 4315 490 4356 xxxi.
500 4330 519 4365 7.
736 4314 753 4341 ¹⁸
766 4313 801 4353 Pe
811 4326 878 4354 mu.
888 4328 912 4353 υ
1127 4315 1144 4342 ¹⁸
1158 4315 1191 4354 Ps.
1201 4314 1274 4357 xxxiv.
1285 4331 1302 4356 r.

112 4366 132 4445 :2
146 4366 181 4458 gt
191 4381 262 4459 iffi.
274 4382 297 4458 z
358 4368 375 4395 ¹⁶
389 4366 423 4407 Ps.
434 4365 505 4407 xxxiv.
517 4381 535 4417 3.
739 4364 756 4392 ¹7
770 4364 805 4404 Ps.
815 4363 887 4405 miv.
899 4379 929 4415 ¹7·
1124 4365 1142 4392 ¹⁸
1157 4366 1190 4407 Pa
1200 4366 1272 4407 xxxiv.
1284 4381 1315 4418 ¹9·

1144 4492 1212 4540 La
