<?xml version="1.0" encoding="UTF-8"?>
<!DOCTYPE html PUBLIC "-//W3C//DTD XHTML 1.0 Transitional//EN"
    "http://www.w3.org/TR/xhtml1/DTD/xhtml1-transitional.dtd">
<html xmlns="http://www.w3.org/1999/xhtml" xml:lang="en" lang="en">
 <head>
  <title>
</title>
<meta http-equiv="Content-Type" content="text/html;charset=utf-8" />
  <meta name='ocr-system' content='tesseract 3.04.00' />
  <meta name='ocr-capabilities' content='ocr_page ocr_carea ocr_par ocr_line ocrx_word'/>
</head>
<body>
  <div class='ocr_page' id='page_1' title='image "./irishliberhymno00churgoog_0181.png"; bbox 0 0 3068 5100; ppageno 0'>
   <div class='ocr_carea' id='block_1_1' title="bbox 229 370 1081 434">
    <p class='ocr_par' dir='ltr' id='par_1_1' title="bbox 229 370 1081 434">
     <span class='ocr_line' id='line_1_1' title="bbox 229 370 1081 434; baseline -0.002 -10"><span class='ocrx_word' id='word_1_1' title='bbox 229 387 273 434; x_wconf 81' lang='lat'>142</span> <span class='ocrx_word' id='word_1_2' title='bbox 577 370 828 422; x_wconf 64' lang='lat' dir='ltr'>ratramno</span> <span class='ocrx_word' id='word_1_3' title='bbox 843 373 870 423; x_wconf 80' lang='lat' dir='ltr'>s,</span> <span class='ocrx_word' id='word_1_4' title='bbox 889 372 1081 423; x_wconf 71' lang='lat' dir='ltr'>Aaronom.</span> 
     </span>
    </p>
   </div>
   <div class='ocr_carea' id='block_1_2' title="bbox 229 529 1432 1612">
    <p class='ocr_par' dir='ltr' id='par_1_2' title="bbox 229 529 1432 1612">
     <span class='ocr_line' id='line_1_2' title="bbox 229 529 1430 630; baseline 0.001 -28"><span class='ocrx_word' id='word_1_5' title='bbox 229 529 281 630; x_wconf 87' lang='lat' dir='ltr'>T]</span> <span class='ocrx_word' id='word_1_6' title='bbox 329 530 466 606; x_wconf 88' lang='lat' dir='ltr'>Ymnis</span> <span class='ocrx_word' id='word_1_7' title='bbox 480 546 517 603; x_wconf 90' lang='lat' dir='ltr'>te</span> <span class='ocrx_word' id='word_1_8' title='bbox 529 529 679 603; x_wconf 88' lang='lat' dir='ltr'>domine</span> <span class='ocrx_word' id='word_1_9' title='bbox 690 530 814 630; x_wconf 85' lang='lat' dir='ltr'>angeli</span> <span class='ocrx_word' id='word_1_10' title='bbox 826 546 864 605; x_wconf 89' lang='lat' dir='ltr'>et</span> <span class='ocrx_word' id='word_1_11' title='bbox 875 529 1086 629; x_wconf 84' lang='lat' dir='ltr'>archangeli</span> <span class='ocrx_word' id='word_1_12' title='bbox 1101 530 1179 627; x_wconf 91' lang='lat' dir='ltr'>pari</span> <span class='ocrx_word' id='word_1_13' title='bbox 1191 530 1430 604; x_wconf 79' lang='lat' dir='ltr'>confessione</span> 
     </span>
     <span class='ocr_line' id='line_1_3' title="bbox 380 630 621 730; baseline 0.004 -27"><span class='ocrx_word' id='word_1_14' title='bbox 380 630 621 730; x_wconf 86' lang='lat' dir='ltr'>magnificant</span> 
     </span>
     <span class='ocr_line' id='line_1_4' title="bbox 238 732 1430 829; baseline 0 -25"><span class='ocrx_word' id='word_1_15' title='bbox 238 758 248 804; x_wconf 86' lang='lat' dir='ltr'>r</span> <span class='ocrx_word' id='word_1_16' title='bbox 257 754 301 826; x_wconf 82' lang='lat'>55</span> <span class='ocrx_word' id='word_1_17' title='bbox 330 732 453 828; x_wconf 86' lang='lat' dir='ltr'>ymnis</span> <span class='ocrx_word' id='word_1_18' title='bbox 471 749 508 805; x_wconf 88' lang='lat' dir='ltr'>te</span> <span class='ocrx_word' id='word_1_19' title='bbox 526 732 699 804; x_wconf 84' lang='lat' dir='ltr'>caelorum</span> <span class='ocrx_word' id='word_1_20' title='bbox 719 732 874 805; x_wconf 89' lang='lat' dir='ltr'>uirtutes</span> <span class='ocrx_word' id='word_1_21' title='bbox 892 748 931 805; x_wconf 90' lang='lat' dir='ltr'>et</span> <span class='ocrx_word' id='word_1_22' title='bbox 944 749 1150 829; x_wconf 83' lang='lat' dir='ltr'><strong>potestates</strong></span> <span class='ocrx_word' id='word_1_23' title='bbox 1161 732 1430 807; x_wconf 89' lang='lat' dir='ltr'>concelebrunt</span> 
     </span>
     <span class='ocr_line' id='line_1_5' title="bbox 329 833 1312 930; baseline 0.001 -26"><span class='ocrx_word' id='word_1_24' title='bbox 329 834 451 930; x_wconf 86' lang='lat' dir='ltr'>ymnis</span> <span class='ocrx_word' id='word_1_25' title='bbox 470 851 507 905; x_wconf 92' lang='lat' dir='ltr'>te</span> <span class='ocrx_word' id='word_1_26' title='bbox 526 834 753 930; x_wconf 85' lang='lat' dir='ltr'>principatus</span> <span class='ocrx_word' id='word_1_27' title='bbox 771 851 808 906; x_wconf 88' lang='lat' dir='ltr'>et</span> <span class='ocrx_word' id='word_1_28' title='bbox 826 834 1099 906; x_wconf 85' lang='lat' dir='ltr'>dominationes</span> <span class='ocrx_word' id='word_1_29' title='bbox 1117 833 1312 907; x_wconf 90' lang='lat' dir='ltr'>declarunt</span> 
     </span>
     <span class='ocr_line' id='line_1_6' title="bbox 328 932 1431 1031; baseline 0 -25"><span class='ocrx_word' id='word_1_30' title='bbox 328 935 451 1031; x_wconf 89' lang='lat' dir='ltr'>ymnis</span> <span class='ocrx_word' id='word_1_31' title='bbox 482 952 519 1006; x_wconf 92' lang='lat' dir='ltr'>te</span> <span class='ocrx_word' id='word_1_32' title='bbox 550 935 645 1007; x_wconf 88' lang='lat' dir='ltr'>troni</span> <span class='ocrx_word' id='word_1_33' title='bbox 682 934 855 1030; x_wconf 86' lang='lat' dir='ltr'>hiruphin</span> <span class='ocrx_word' id='word_1_34' title='bbox 886 953 924 1007; x_wconf 91' lang='lat' dir='ltr'>et</span> <span class='ocrx_word' id='word_1_35' title='bbox 956 933 1130 1031; x_wconf 89' lang='lat' dir='ltr'>saraphin</span> <span class='ocrx_word' id='word_1_36' title='bbox 1159 932 1431 1008; x_wconf 87' lang='lat' dir='ltr'>incessabiliter</span> 
     </span>
     <span class='ocr_line' id='line_1_7' title="bbox 378 1034 603 1107; baseline 0.004 -1"><span class='ocrx_word' id='word_1_37' title='bbox 378 1034 603 1107; x_wconf 90' lang='lat' dir='ltr'>benedicunt</span> 
     </span>
     <span class='ocr_line' id='line_1_8' title="bbox 329 1134 1430 1231; baseline 0 -24"><span class='ocrx_word' id='word_1_38' title='bbox 329 1135 499 1231; x_wconf 90' lang='lat' dir='ltr'>ymniste</span> <span class='ocrx_word' id='word_1_39' title='bbox 514 1134 705 1208; x_wconf 88' lang='lat' dir='ltr'>celestium</span> <span class='ocrx_word' id='word_1_40' title='bbox 717 1153 755 1208; x_wconf 90' lang='lat' dir='ltr'>et</span> <span class='ocrx_word' id='word_1_41' title='bbox 768 1135 996 1208; x_wconf 83' lang='lat' dir='ltr'>terrestrium</span> <span class='ocrx_word' id='word_1_42' title='bbox 1025 1194 1032 1209; x_wconf 90' lang='lat'><strong>.</strong></span> <span class='ocrx_word' id='word_1_43' title='bbox 1064 1193 1071 1208; x_wconf 92' lang='lat'><strong>.</strong></span> <span class='ocrx_word' id='word_1_44' title='bbox 1102 1194 1109 1208; x_wconf 89' lang='lat'>.</span> <span class='ocrx_word' id='word_1_45' title='bbox 1139 1134 1283 1209; x_wconf 87' lang='lat' dir='ltr'>uiorum</span> <span class='ocrx_word' id='word_1_46' title='bbox 1297 1135 1430 1209; x_wconf 88' lang='lat' dir='ltr'>adorat</span> 
     </span>
     <span class='ocr_line' id='line_1_9' title="bbox 382 1235 579 1308; baseline 0.005 -1"><span class='ocrx_word' id='word_1_47' title='bbox 382 1235 579 1308; x_wconf 87' lang='lat' dir='ltr'>multitudo</span> 
     </span>
     <span class='ocr_line' id='line_1_10' title="bbox 328 1335 1432 1433; baseline 0 -24"><span class='ocrx_word' id='word_1_48' title='bbox 328 1337 484 1433; x_wconf 89' lang='lat' dir='ltr'>ymnis.</span> <span class='ocrx_word' id='word_1_49' title='bbox 514 1395 521 1409; x_wconf 91' lang='lat'><strong>.</strong></span> <span class='ocrx_word' id='word_1_50' title='bbox 552 1395 559 1408; x_wconf 95' lang='lat'><strong>.</strong></span> <span class='ocrx_word' id='word_1_51' title='bbox 592 1396 599 1410; x_wconf 92' lang='lat'><strong><em>.</em></strong></span> <span class='ocrx_word' id='word_1_52' title='bbox 627 1336 800 1409; x_wconf 89' lang='lat' dir='ltr'>uniuersa</span> <span class='ocrx_word' id='word_1_53' title='bbox 835 1335 981 1409; x_wconf 81' lang='lat' dir='ltr'>aeclesia</span> <span class='ocrx_word' id='word_1_54' title='bbox 1016 1335 1213 1409; x_wconf 82' lang='lat' dir='ltr'>indefessis</span> <span class='ocrx_word' id='word_1_55' title='bbox 1253 1335 1432 1409; x_wconf 88' lang='lat' dir='ltr'>laudibus</span> 
     </span>
     <span class='ocr_line' id='line_1_11' title="bbox 407 1435 552 1510; baseline 0.014 -2"><span class='ocrx_word' id='word_1_56' title='bbox 407 1435 442 1509; x_wconf 92' lang='lat' dir='ltr'>lo</span> <span class='ocrx_word' id='word_1_57' title='bbox 469 1495 476 1510; x_wconf 90' lang='lat'><strong>.</strong></span> <span class='ocrx_word' id='word_1_58' title='bbox 507 1495 514 1509; x_wconf 94' lang='lat'>.</span> <span class='ocrx_word' id='word_1_59' title='bbox 545 1495 552 1510; x_wconf 91' lang='lat'><strong>.</strong></span> 
     </span>
     <span class='ocr_line' id='line_1_12' title="bbox 232 1463 857 1612; baseline 0.005 -3"><span class='ocrx_word' id='word_1_60' title='bbox 232 1543 301 1612; x_wconf 80' lang='lat'>160</span> <span class='ocrx_word' id='word_1_61' title='bbox 327 1463 405 1610; x_wconf 66' lang='lat' dir='ltr'>hei</span> <span class='ocrx_word' id='word_1_62' title='bbox 419 1538 491 1610; x_wconf 88' lang='lat' dir='ltr'>heu</span> <span class='ocrx_word' id='word_1_63' title='bbox 509 1537 582 1611; x_wconf 91' lang='lat' dir='ltr'>heu</span> <span class='ocrx_word' id='word_1_64' title='bbox 602 1537 692 1611; x_wconf 92' lang='lat' dir='ltr'>mihi</span> <span class='ocrx_word' id='word_1_65' title='bbox 706 1537 857 1612; x_wconf 89' lang='lat' dir='ltr'>domine</span> 
     </span>
    </p>
   </div>
   <div class='ocr_carea' id='block_1_3' title="bbox 232 1784 1433 2565">
    <p class='ocr_par' dir='ltr' id='par_1_3' title="bbox 327 1784 1432 1960">
     <span class='ocr_line' id='line_1_13' title="bbox 327 1784 1432 1861; baseline 0 0"><span class='ocrx_word' id='word_1_66' title='bbox 327 1784 490 1861; x_wconf 85' lang='lat' dir='ltr'>Zezania</span> <span class='ocrx_word' id='word_1_67' title='bbox 507 1786 658 1860; x_wconf 90' lang='lat' dir='ltr'>domine</span> <span class='ocrx_word' id='word_1_68' title='bbox 677 1787 714 1859; x_wconf 96' lang='lat' dir='ltr'>in</span> <span class='ocrx_word' id='word_1_69' title='bbox 733 1813 893 1861; x_wconf 89' lang='lat' dir='ltr'>messem</span> <span class='ocrx_word' id='word_1_70' title='bbox 913 1813 1035 1860; x_wconf 90' lang='lat' dir='ltr'>meam</span> <span class='ocrx_word' id='word_1_71' title='bbox 1050 1787 1219 1860; x_wconf 89' lang='lat' dir='ltr'>inimicus</span> <span class='ocrx_word' id='word_1_72' title='bbox 1233 1785 1307 1861; x_wconf 90' lang='lat' dir='ltr'>hoc</span> <span class='ocrx_word' id='word_1_73' title='bbox 1320 1806 1432 1861; x_wconf 90' lang='lat' dir='ltr'>nocte</span> 
     </span>
     <span class='ocr_line' id='line_1_14' title="bbox 375 1888 573 1960; baseline 0.005 -1"><span class='ocrx_word' id='word_1_74' title='bbox 375 1888 573 1960; x_wconf 86' lang='lat' dir='ltr'>seminauit</span> 
     </span>
    </p>

    <p class='ocr_par' dir='ltr' id='par_1_4' title="bbox 326 1986 1161 2087">
     <span class='ocr_line' id='line_1_15' title="bbox 326 1986 1161 2087; baseline 0.004 -28"><span class='ocrx_word' id='word_1_75' title='bbox 326 1989 474 2060; x_wconf 88' lang='lat' dir='ltr'>zezania</span> <span class='ocrx_word' id='word_1_76' title='bbox 491 1989 653 2085; x_wconf 89' lang='lat' dir='ltr'>pessima</span> <span class='ocrx_word' id='word_1_77' title='bbox 670 1990 792 2061; x_wconf 86' lang='lat' dir='ltr'>cordis</span> <span class='ocrx_word' id='word_1_78' title='bbox 812 1987 884 2062; x_wconf 89' lang='lat' dir='ltr'>mei</span> <span class='ocrx_word' id='word_1_79' title='bbox 902 2014 993 2087; x_wconf 86' lang='lat' dir='ltr'>ager</span> <span class='ocrx_word' id='word_1_80' title='bbox 1010 1986 1161 2085; x_wconf 87' lang='lat' dir='ltr'>protulit</span> 
     </span>
    </p>

    <p class='ocr_par' dir='ltr' id='par_1_5' title="bbox 327 2108 1190 2163">
     <span class='ocr_line' id='line_1_16' title="bbox 327 2108 1190 2163; baseline 0.005 -4"><span class='ocrx_word' id='word_1_81' title='bbox 327 2115 475 2161; x_wconf 87' lang='lat' dir='ltr'>zezama</span> <span class='ocrx_word' id='word_1_82' title='bbox 493 2115 575 2161; x_wconf 90' lang='lat' dir='ltr'>curn</span> <span class='ocrx_word' id='word_1_83' title='bbox 595 2108 716 2162; x_wconf 89' lang='lat' dir='ltr'>tnt1c0</span> <span class='ocrx_word' id='word_1_84' title='bbox 735 2116 819 2162; x_wconf 91' lang='lat' dir='ltr'>meo</span> <span class='ocrx_word' id='word_1_85' title='bbox 839 2117 886 2162; x_wconf 90' lang='lat' dir='ltr'>ne</span> <span class='ocrx_word' id='word_1_86' title='bbox 904 2115 1004 2162; x_wconf 87' lang='lat' dir='ltr'>srnas</span> <span class='ocrx_word' id='word_1_87' title='bbox 1023 2116 1190 2163; x_wconf 90' lang='lat' dir='ltr'>crescere</span> 
     </span>
    </p>

    <p class='ocr_par' dir='ltr' id='par_1_6' title="bbox 326 2189 1432 2363">
     <span class='ocr_line' id='line_1_17' title="bbox 326 2189 1432 2290; baseline 0.004 -30"><span class='ocrx_word' id='word_1_88' title='bbox 326 2189 498 2263; x_wconf 88' lang='lat' dir='ltr'>zabulum</span> <span class='ocrx_word' id='word_1_89' title='bbox 524 2217 608 2262; x_wconf 91' lang='lat' dir='ltr'>cum</span> <span class='ocrx_word' id='word_1_90' title='bbox 638 2190 732 2263; x_wconf 91' lang='lat' dir='ltr'>loliis</span> <span class='ocrx_word' id='word_1_91' title='bbox 760 2191 1024 2263; x_wconf 87' lang='lat' dir='ltr'>seminatorem</span> <span class='ocrx_word' id='word_1_92' title='bbox 1051 2190 1204 2264; x_wconf 84' lang='lat' dir='ltr'>uentilia</span> <span class='ocrx_word' id='word_1_93' title='bbox 1230 2190 1279 2264; x_wconf 92' lang='lat' dir='ltr'>de</span> <span class='ocrx_word' id='word_1_94' title='bbox 1306 2191 1432 2290; x_wconf 82' lang='lat' dir='ltr'>segite</span> 
     </span>
     <span class='ocr_line' id='line_1_18' title="bbox 375 2316 460 2363; baseline 0.012 -1"><span class='ocrx_word' id='word_1_95' title='bbox 375 2316 460 2363; x_wconf 92' lang='lat' dir='ltr'>meo</span> 
     </span>
    </p>

    <p class='ocr_par' dir='ltr' id='par_1_7' title="bbox 232 2388 1433 2489">
     <span class='ocr_line' id='line_1_19' title="bbox 232 2388 1433 2489; baseline 0.005 -29"><span class='ocrx_word' id='word_1_96' title='bbox 232 2396 297 2484; x_wconf 85' lang='lat'>165</span> <span class='ocrx_word' id='word_1_97' title='bbox 326 2388 445 2464; x_wconf 85' lang='lat' dir='ltr'>zelare</span> <span class='ocrx_word' id='word_1_98' title='bbox 472 2391 622 2465; x_wconf 90' lang='lat' dir='ltr'>domine</span> <span class='ocrx_word' id='word_1_99' title='bbox 653 2410 693 2464; x_wconf 91' lang='lat' dir='ltr'>ut</span> <span class='ocrx_word' id='word_1_100' title='bbox 722 2417 796 2464; x_wconf 94' lang='lat' dir='ltr'>non</span> <span class='ocrx_word' id='word_1_101' title='bbox 827 2392 928 2465; x_wconf 88' lang='lat' dir='ltr'>sinas</span> <span class='ocrx_word' id='word_1_102' title='bbox 955 2417 1074 2488; x_wconf 91' lang='lat' dir='ltr'>usque</span> <span class='ocrx_word' id='word_1_103' title='bbox 1103 2392 1140 2464; x_wconf 93' lang='lat' dir='ltr'>in</span> <span class='ocrx_word' id='word_1_104' title='bbox 1169 2392 1280 2465; x_wconf 92' lang='lat' dir='ltr'>finem</span> <span class='ocrx_word' id='word_1_105' title='bbox 1306 2394 1433 2489; x_wconf 88' lang='lat' dir='ltr'>perire</span> 
     </span>
    </p>

    <p class='ocr_par' dir='ltr' id='par_1_8' title="bbox 378 2490 677 2565">
     <span class='ocr_line' id='line_1_20' title="bbox 378 2490 677 2565; baseline 0.007 -2"><span class='ocrx_word' id='word_1_106' title='bbox 378 2490 555 2563; x_wconf 78' lang='lat' dir='ltr'>famulum</span> <span class='ocrx_word' id='word_1_107' title='bbox 575 2512 677 2565; x_wconf 91' lang='lat' dir='ltr'>tuum</span> 
     </span>
    </p>
   </div>
   <div class='ocr_carea' id='block_1_4' title="bbox 327 2590 1433 2767">
    <p class='ocr_par' dir='ltr' id='par_1_9' title="bbox 327 2590 1433 2767">
     <span class='ocr_line' id='line_1_21' title="bbox 327 2590 1433 2687; baseline 0.004 -25"><span class='ocrx_word' id='word_1_108' title='bbox 327 2590 451 2665; x_wconf 91' lang='lat' dir='ltr'>zelans</span> <span class='ocrx_word' id='word_1_109' title='bbox 469 2593 561 2665; x_wconf 91' lang='lat' dir='ltr'>deus</span> <span class='ocrx_word' id='word_1_110' title='bbox 580 2593 790 2667; x_wconf 91' lang='lat' dir='ltr'>misericors</span> <span class='ocrx_word' id='word_1_111' title='bbox 805 2593 980 2687; x_wconf 81' lang='lat' dir='ltr'>miserere</span> <span class='ocrx_word' id='word_1_112' title='bbox 999 2592 1072 2666; x_wconf 93' lang='lat' dir='ltr'>mei</span> <span class='ocrx_word' id='word_1_113' title='bbox 1092 2594 1128 2666; x_wconf 92' lang='lat' dir='ltr'>in</span> <span class='ocrx_word' id='word_1_114' title='bbox 1151 2592 1287 2666; x_wconf 82' lang='lat' dir='ltr'>saecula</span> <span class='ocrx_word' id='word_1_115' title='bbox 1314 2619 1433 2667; x_wconf 82' lang='lat' dir='ltr'>saecu-</span> 
     </span>
     <span class='ocr_line' id='line_1_22' title="bbox 379 2692 658 2767; baseline 0.007 -2"><span class='ocrx_word' id='word_1_116' title='bbox 379 2692 506 2767; x_wconf 90' lang='lat' dir='ltr'>lorum.</span> <span class='ocrx_word' id='word_1_117' title='bbox 538 2720 658 2767; x_wconf 89' lang='lat' dir='ltr'>amen.</span> 
     </span>
    </p>
   </div>
   <div class='ocr_carea' id='block_1_5' title="bbox 289 3297 726 3383">
    <p class='ocr_par' dir='ltr' id='par_1_10' title="bbox 289 3297 726 3383">
     <span class='ocr_line' id='line_1_23' title="bbox 289 3297 726 3383; baseline -0.007 -21"><span class='ocrx_word' id='word_1_118' title='bbox 289 3297 329 3383; x_wconf 92' lang='lat' dir='ltr'>T]</span> <span class='ocrx_word' id='word_1_119' title='bbox 370 3302 419 3362; x_wconf 85' lang='lat' dir='ltr'>sol.</span> <span class='ocrx_word' id='word_1_120' title='bbox 439 3300 497 3361; x_wconf 89' lang='lat' dir='ltr'>20b</span> <span class='ocrx_word' id='word_1_121' title='bbox 512 3302 543 3360; x_wconf 80' lang='lat' dir='ltr'>in</span> <span class='ocrx_word' id='word_1_122' title='bbox 557 3311 618 3377; x_wconf 83' lang='lat' dir='ltr'>sup.</span> <span class='ocrx_word' id='word_1_123' title='bbox 635 3319 726 3377; x_wconf 85' lang='lat' dir='ltr'>marg.</span> 
     </span>
    </p>
   </div>
   <div class='ocr_carea' id='block_1_6' title="bbox 386 3460 1215 3863">
    <p class='ocr_par' dir='ltr' id='par_1_11' title="bbox 386 3460 1215 3784">
     <span class='ocr_line' id='line_1_24' title="bbox 390 3460 1086 3524; baseline -0.003 -1"><span class='ocrx_word' id='word_1_124' title='bbox 390 3463 539 3524; x_wconf 85' lang='lat' dir='ltr'>nascimur</span> <span class='ocrx_word' id='word_1_125' title='bbox 553 3483 588 3522; x_wconf 87' lang='lat' dir='ltr'>cx</span> <span class='ocrx_word' id='word_1_126' title='bbox 603 3464 679 3522; x_wconf 81' lang='lat' dir='ltr'>ferro</span> <span class='ocrx_word' id='word_1_127' title='bbox 694 3481 791 3520; x_wconf 90' lang='lat' dir='ltr'>rursus</span> <span class='ocrx_word' id='word_1_128' title='bbox 807 3463 882 3521; x_wconf 76' lang='lat' dir='ltr'>ferro</span> <span class='ocrx_word' id='word_1_129' title='bbox 897 3460 1086 3521; x_wconf 83' lang='lat' dir='ltr'>moribundae</span> 
     </span>
     <span class='ocr_line' id='line_1_25' title="bbox 390 3541 1214 3619; baseline -0.008 -11"><span class='ocrx_word' id='word_1_130' title='bbox 390 3588 749 3608; x_wconf 89' lang='grc'><strong>........</strong></span> <span class='ocrx_word' id='word_1_131' title='bbox 793 3545 929 3602; x_wconf 90' lang='lat' dir='ltr'>uolucres</span> <span class='ocrx_word' id='word_1_132' title='bbox 943 3562 1042 3619; x_wconf 85' lang='lat' dir='ltr'>penna</span> <span class='ocrx_word' id='word_1_133' title='bbox 1057 3541 1214 3602; x_wconf 78' lang='lat' dir='ltr'>uolitantes</span> 
     </span>
     <span class='ocr_line' id='line_1_26' title="bbox 387 3626 1215 3686; baseline -0.006 0"><span class='ocrx_word' id='word_1_134' title='bbox 387 3628 426 3686; x_wconf 86' lang='lat' dir='ltr'>ad</span> <span class='ocrx_word' id='word_1_135' title='bbox 440 3627 572 3686; x_wconf 85' lang='lat' dir='ltr'>etheram</span> <span class='ocrx_word' id='word_1_136' title='bbox 588 3636 702 3684; x_wconf 90' lang='lat' dir='ltr'>tantum</span> <span class='ocrx_word' id='word_1_137' title='bbox 718 3643 773 3683; x_wconf 91' lang='lat' dir='ltr'>nos</span> <span class='ocrx_word' id='word_1_138' title='bbox 788 3626 889 3682; x_wconf 83' lang='lat' dir='ltr'>fratres</span> <span class='ocrx_word' id='word_1_139' title='bbox 904 3629 1015 3682; x_wconf 81' lang='lat' dir='ltr'>incerta</span> <span class='ocrx_word' id='word_1_140' title='bbox 1037 3669 1045 3684; x_wconf 88' lang='lat'><strong>.</strong></span> <span class='ocrx_word' id='word_1_141' title='bbox 1067 3669 1073 3682; x_wconf 91' lang='lat'><strong>.</strong></span> <span class='ocrx_word' id='word_1_142' title='bbox 1097 3637 1215 3683; x_wconf 86' lang='lat' dir='ltr'>rearunt</span> 
     </span>
     <span class='ocr_line' id='line_1_27' title="bbox 386 3706 1081 3784; baseline -0.003 -18"><span class='ocrx_word' id='word_1_143' title='bbox 386 3709 437 3784; x_wconf 91' lang='lat' dir='ltr'>qui</span> <span class='ocrx_word' id='word_1_144' title='bbox 453 3706 534 3783; x_wconf 86' lang='lat' dir='ltr'>cupit</span> <span class='ocrx_word' id='word_1_145' title='bbox 549 3708 692 3765; x_wconf 85' lang='lat' dir='ltr'>instanter</span> <span class='ocrx_word' id='word_1_146' title='bbox 706 3707 807 3763; x_wconf 87' lang='lat' dir='ltr'>sitiens</span> <span class='ocrx_word' id='word_1_147' title='bbox 822 3707 924 3765; x_wconf 85' lang='lat' dir='ltr'>audire</span> <span class='ocrx_word' id='word_1_148' title='bbox 938 3706 1081 3764; x_wconf 87' lang='lat' dir='ltr'>docentes</span> 
     </span>
    </p>

    <p class='ocr_par' dir='ltr' id='par_1_12' title="bbox 387 3784 1017 3863">
     <span class='ocr_line' id='line_1_28' title="bbox 387 3784 1017 3863; baseline -0.008 -14"><span class='ocrx_word' id='word_1_149' title='bbox 387 3801 450 3849; x_wconf 92' lang='lat' dir='ltr'>tum</span> <span class='ocrx_word' id='word_1_150' title='bbox 466 3788 526 3848; x_wconf 88' lang='lat' dir='ltr'>cito</span> <span class='ocrx_word' id='word_1_151' title='bbox 549 3833 555 3848; x_wconf 88' lang='lat'><strong>.</strong></span> <span class='ocrx_word' id='word_1_152' title='bbox 578 3834 587 3849; x_wconf 89' lang='lat'><strong>.</strong></span> <span class='ocrx_word' id='word_1_153' title='bbox 609 3833 617 3848; x_wconf 93' lang='lat'><strong>.</strong></span> <span class='ocrx_word' id='word_1_154' title='bbox 639 3787 776 3863; x_wconf 84' lang='lat' dir='ltr'>rogitanti</span> <span class='ocrx_word' id='word_1_155' title='bbox 791 3784 881 3845; x_wconf 86' lang='lat' dir='ltr'>uerba</span> <span class='ocrx_word' id='word_1_156' title='bbox 897 3788 1017 3846; x_wconf 88' lang='lat' dir='ltr'>silenter</span> 
     </span>
    </p>
   </div>
   <div class='ocr_carea' id='block_1_7' title="bbox 387 3946 1229 4110">
    <p class='ocr_par' dir='ltr' id='par_1_13' title="bbox 387 3946 1229 4110">
     <span class='ocr_line' id='line_1_29' title="bbox 390 3946 1229 4092; baseline -0.001 -82"><span class='ocrx_word' id='word_1_157' title='bbox 390 3970 439 4041; x_wconf 82' lang='lat' dir='ltr'>me</span> <span class='ocrx_word' id='word_1_158' title='bbox 455 3949 611 4092; x_wconf 55' lang='lat' dir='ltr'>(peldfibus</span> <span class='ocrx_word' id='word_1_159' title='bbox 628 3949 826 4025; x_wconf 85' lang='lat' dir='ltr'>manibusque</span> <span class='ocrx_word' id='word_1_160' title='bbox 841 3946 929 4033; x_wconf 71' lang='lat' dir='ltr'>simul</span> <span class='ocrx_word' id='word_1_161' title='bbox 943 3949 1111 4007; x_wconf 83' lang='lat' dir='ltr'>frudauerat</span> <span class='ocrx_word' id='word_1_162' title='bbox 1125 3948 1229 4009; x_wconf 80' lang='lat' dir='ltr'>almus</span> 
     </span>
     <span class='ocr_line' id='line_1_30' title="bbox 387 4033 572 4110; baseline 0.011 -19"><span class='ocrx_word' id='word_1_163' title='bbox 387 4035 476 4110; x_wconf 77' lang='lat' dir='ltr'>piscis</span> <span class='ocrx_word' id='word_1_164' title='bbox 513 4033 572 4093; x_wconf 79' lang='lat' dir='ltr'>ixit</span> 
     </span>
    </p>
   </div>
   <div class='ocr_carea' id='block_1_8' title="bbox 232 4237 1430 4475">
    <p class='ocr_par' dir='ltr' id='par_1_14' title="bbox 232 4237 1430 4475">
     <span class='ocr_line' id='line_1_31' title="bbox 289 4237 707 4316; baseline -0.007 -22"><span class='ocrx_word' id='word_1_165' title='bbox 289 4237 317 4294; x_wconf 83' lang='lat' dir='ltr'>T</span> <span class='ocrx_word' id='word_1_166' title='bbox 319 4248 330 4316; x_wconf 73' lang='lat' dir='ltr'>j</span> <span class='ocrx_word' id='word_1_167' title='bbox 373 4237 421 4295; x_wconf 83' lang='lat' dir='ltr'>fol.</span> <span class='ocrx_word' id='word_1_168' title='bbox 441 4256 474 4294; x_wconf 88' lang='lat'>21</span> <span class='ocrx_word' id='word_1_169' title='bbox 492 4237 523 4294; x_wconf 83' lang='lat' dir='ltr'>in</span> <span class='ocrx_word' id='word_1_170' title='bbox 538 4244 598 4312; x_wconf 81' lang='lat' dir='ltr'>sup.</span> <span class='ocrx_word' id='word_1_171' title='bbox 616 4254 707 4310; x_wconf 82' lang='lat' dir='ltr'>marg.</span> 
     </span>
     <span class='ocr_line' id='line_1_32' title="bbox 296 4312 1429 4392; baseline -0.001 -15"><span class='ocrx_word' id='word_1_172' title='bbox 296 4364 302 4377; x_wconf 91' lang='lat'><strong>.</strong></span> <span class='ocrx_word' id='word_1_173' title='bbox 325 4364 331 4376; x_wconf 94' lang='lat'>.</span> <span class='ocrx_word' id='word_1_174' title='bbox 355 4316 489 4376; x_wconf 89' lang='lat' dir='ltr'>timendo</span> <span class='ocrx_word' id='word_1_175' title='bbox 511 4317 679 4375; x_wconf 81' lang='lat' dir='ltr'>infatuatur.</span> <span class='ocrx_word' id='word_1_176' title='bbox 703 4312 809 4373; x_wconf 85' lang='lat' dir='ltr'>calcari</span> <span class='ocrx_word' id='word_1_177' title='bbox 830 4315 911 4374; x_wconf 80' lang='lat' dir='ltr'>eninr</span> <span class='ocrx_word' id='word_1_178' title='bbox 936 4333 997 4374; x_wconf 93' lang='lat' dir='ltr'>non</span> <span class='ocrx_word' id='word_1_179' title='bbox 1018 4325 1118 4392; x_wconf 86' lang='lat' dir='ltr'>potest</span> <span class='ocrx_word' id='word_1_180' title='bbox 1139 4317 1194 4375; x_wconf 90' lang='lat' dir='ltr'>nisi</span> <span class='ocrx_word' id='word_1_181' title='bbox 1216 4315 1354 4389; x_wconf 81' lang='lat' dir='ltr'>inseri0r3</span> <span class='ocrx_word' id='word_1_182' title='bbox 1375 4318 1429 4376; x_wconf 84' lang='lat' dir='ltr'>sed</span> 
     </span>
     <span class='ocr_line' id='line_1_33' title="bbox 232 4395 1430 4475; baseline 0.001 -19"><span class='ocrx_word' id='word_1_183' title='bbox 232 4397 353 4459; x_wconf 79' lang='lat' dir='ltr'>inferior</span> <span class='ocrx_word' id='word_1_184' title='bbox 374 4443 381 4458; x_wconf 90' lang='lat'><strong>.</strong></span> <span class='ocrx_word' id='word_1_185' title='bbox 404 4444 410 4456; x_wconf 94' lang='lat'>.</span> <span class='ocrx_word' id='word_1_186' title='bbox 436 4444 443 4458; x_wconf 93' lang='lat'><strong>.</strong></span> <span class='ocrx_word' id='word_1_187' title='bbox 465 4399 531 4475; x_wconf 84' lang='lat' dir='ltr'>quis</span> <span class='ocrx_word' id='word_1_188' title='bbox 546 4398 577 4456; x_wconf 91' lang='lat' dir='ltr'>in</span> <span class='ocrx_word' id='word_1_189' title='bbox 592 4416 715 4472; x_wconf 89' lang='lat' dir='ltr'>corpore</span> <span class='ocrx_word' id='word_1_190' title='bbox 735 4398 827 4455; x_wconf 82' lang='lat' dir='ltr'>multa</span> <span class='ocrx_word' id='word_1_191' title='bbox 849 4395 879 4454; x_wconf 91' lang='lat' dir='ltr'>in</span> <span class='ocrx_word' id='word_1_192' title='bbox 900 4407 975 4456; x_wconf 84' lang='lat' dir='ltr'>terra</span> <span class='ocrx_word' id='word_1_193' title='bbox 999 4408 1159 4470; x_wconf 80' lang='lat' dir='ltr'>susteneat,</span> <span class='ocrx_word' id='word_1_194' title='bbox 1170 4399 1262 4459; x_wconf 86' lang='lat' dir='ltr'>corde</span> <span class='ocrx_word' id='word_1_195' title='bbox 1276 4417 1337 4458; x_wconf 93' lang='lat' dir='ltr'>non</span> <span class='ocrx_word' id='word_1_196' title='bbox 1353 4399 1430 4458; x_wconf 88' lang='lat' dir='ltr'>fixus</span> 
     </span>
    </p>
   </div>
   <div class='ocr_carea' id='block_1_9' title="bbox 0 0 1541 5100">
    <p class='ocr_par' dir='ltr' id='par_1_15' title="bbox 0 0 1541 5100">
     <span class='ocr_line' id='line_1_34' title="bbox 0 0 1541 5100; baseline 0 0"><span class='ocrx_word' id='word_1_197' title='bbox 0 0 1541 5100; x_wconf 95' lang='lat' dir='ltr'> </span> 
     </span>
    </p>
   </div>
  </div>
 </body>
</html>
