3068 5100
421 392 452 441 H
457 391 584 443 YMNUS
598 391 648 441 IN
658 391 706 440 LA
713 390 828 442 UDEM
839 390 867 442 S.
885 391 1081 441 BRIGIDAE.
1307 394 1350 443 161

155 870 210 970 T]
408 870 555 944 lucum
580 893 713 945 runos
741 893 896 945 saucrAE
925 871 1109 945 Bmcrrre.

328 1092 455 1167 Hoebi
473 1092 573 1166 diem
593 1092 662 1165 fert
680 1092 802 1166 orbita
819 1091 969 1190 plenum
988 1095 1133 1168 decoris
1149 1093 1271 1190 gratia

374 1195 439 1292 qui
453 1194 605 1291 Brigitae
618 1220 685 1290 pro
697 1192 821 1266 laurea
832 1196 970 1270 mundo
983 1197 1166 1269 ministrat
1175 1196 1354 1294 gaudium

237 1343 348 1416 Hanc
367 1344 474 1440 spina
491 1360 668 1439 tanquam
687 1341 801 1416 lilium
820 1345 931 1441 stirps
949 1344 1101 1442 protulit
1121 1344 1330 1419 mortalium

235 1443 434 1541 splendore
451 1446 572 1518 carnis
591 1443 753 1518 nobilem
772 1445 933 1519 candore
952 1449 1072 1519 carnis
1090 1446 1246 1520 celibem

186 1619 206 1693 5
239 1597 346 1670 Haec
361 1622 429 1694 pro
447 1597 617 1693 supernis
635 1596 768 1668 cedere
787 1597 907 1669 carnis
925 1596 1019 1696 sugit
1038 1595 1227 1670 blanditiae

233 1697 351 1797 [egris
369 1697 451 1772 tulit
469 1697 654 1770 leuamina
670 1697 868 1794 egentibus
886 1697 1024 1771 cibaria
1208 1697 1248 1795 [s.
1272 1697 1355 1790 32b.

237 1851 451 1968 Sponsique
468 1875 535 1946 per
553 1848 770 1946 suffragium
789 1847 924 1922 hostile
943 1850 1030 1922 uisit
1048 1849 1230 1945 premium

236 1952 354 2050 signis
367 1970 405 2024 et
423 1970 507 2024 actu
526 1951 652 2022 uiuere
670 1949 711 2022 se
729 1968 911 2023 monstrat
929 1951 1029 2023 aruis
1047 1949 1171 2023 celicae

239 2102 302 2177 Ob
320 2100 534 2174 Salemonis
551 2099 708 2197 gloriam
728 2097 873 2195 reliquit
892 2100 1129 2197 AEthiopiam

167 2227 213 2278 10
238 2222 371 2276 ornant
389 2201 498 2275 oliuae
516 2200 706 2274 uasculum
726 2200 850 2299 regale
865 2221 987 2274 sumat
1006 2199 1183 2273 ferculum

242 2352 338 2425 Haec
355 2377 507 2467 gemma
525 2351 624 2448 regis
643 2348 784 2447 fulgida
805 2350 942 2422 Numae
960 2348 1130 2423 kalendis
1148 2350 1288 2423 sarcina

238 2453 360 2527 soluta
377 2454 498 2527 carnis
517 2450 631 2524 celica
647 2450 865 2523 conscendit
884 2450 931 2523 ad
950 2450 1087 2546 palatia

241 2603 320 2678 Ubi
338 2601 506 2676 laborum
524 2602 667 2698 premio
686 2600 758 2672 iarn
777 2617 928 2697 compta
945 2599 1036 2673 flore
1054 2597 1173 2673 lacteo

238 2705 345 2802 gregi
363 2704 517 2776 adheret
536 2702 695 2776 candido
713 2727 813 2800 agno
831 2727 968 2774 canens
986 2699 1167 2774 altissimo

171 2877 214 2949 15
243 2855 331 2948 Quo
349 2880 417 2927 nos
436 2853 588 2951 pudoris
607 2852 797 2950 speculum
816 2853 952 2926 uirtute
971 2853 1042 2925 duc
1060 2853 1312 2949 precaminum

240 2956 432 3029 laudemus
452 2972 492 3027 ut
508 2980 576 3051 pro
594 2955 714 3051 gratia
732 2973 854 3027 tecum
873 2972 1065 3053 regentem
1084 2952 1209 3026 secula

247 3106 346 3178 Laus
364 3105 411 3178 sit
429 3104 523 3201 patri
538 3102 617 3176 laus
635 3102 710 3176 filio
729 3102 808 3176 laus
827 3104 965 3176 flamini
984 3104 1220 3178 sanctissimo

244 3207 305 3280 uni
324 3203 617 3279 substantialiter
631 3205 801 3301 trinoque
820 3204 1065 3301 personaliter

1070 3331 1190 3379 amen.

220 4533 334 4587 trusa
359 4520 472 4586 urus
