3068 5100
399 373 565 425 1117:st
577 375 604 425 S.
626 375 832 426 COLUMBAE
847 375 895 425 ΙΝ
910 376 959 426 TE
976 375 1146 427 CHRISTE.
1343 375 1375 436 85

187 504 237 623 T]
258 534 358 610 Deus
375 538 505 611 aetemi
521 537 673 612 luminis
691 538 783 613 deus
802 537 1058 613 inenarrabilis

257 637 359 711 Deus
376 639 473 712 altus
490 640 659 713 amabilis
677 641 770 714 deus
789 640 1045 714 inestimabilis

253 789 358 863 Deus
375 788 501 888 largus
519 792 743 890 longanimis
760 792 853 866 deus
871 792 1002 864 doctor
1019 790 1187 864 docibilis

252 890 357 964 Deus
375 894 439 988 qui
458 893 544 965 facit
561 895 687 966 omnia
705 919 803 966 noua
820 910 953 966 cuncta
969 909 1008 965 et
1026 912 1153 965 uetera

185 1058 222 1131 15
251 1039 324 1113 Dei
343 1043 460 1136 patris
478 1043 514 1114 in
534 1045 684 1117 nomine
702 1043 827 1140 filique
845 1044 900 1115 sui
920 1068 1097 1139 prospere

247 1143 365 1214 sancti
383 1144 534 1237 spiritus
551 1145 678 1241 utique
697 1163 798 1217 recto
816 1146 913 1217 uado
932 1145 1071 1217 itenere

248 1340 422 1414 Christus
440 1342 654 1438 redemptor
663 1345 831 1439 gentium
848 1342 1019 1415 Christus
1030 1358 1174 1414 amator
1185 1341 1369 1440 uirginum

246 1441 420 1515 Christus
438 1444 521 1516 sons
539 1445 761 1540 sapientium
781 1444 953 1517 Christus
972 1443 1065 1516 fides
1083 1443 1312 1516 credentium

247 1591 420 1665 Christus
438 1593 552 1666 lorica
568 1594 724 1667 militum
744 1594 916 1668 Christus
934 1612 1078 1666 creator
1095 1594 1261 1666 omnium

164 1765 221 1814 20
248 1741 422 1815 Christus
440 1742 539 1817 salus
557 1744 761 1817 uiuentium
780 1762 818 1817 et
836 1745 913 1816 uita
931 1742 1167 1816 morientium

247 1847 439 1917 coronauit
457 1847 661 1918 exercitum
680 1863 848 1918 nostrum
866 1871 950 1917 cum
969 1844 1078 1917 turba
1096 1844 1286 1917 martirum

249 1993 422 2068 Christus
448 2020 593 2069 crucem
619 1996 839 2069 ascenderat
857 1995 1029 2069 Christus
1048 1995 1226 2067 mundum
1254 1995 1372 2067 salua-

300 2113 404 2168 uerat

246 2195 419 2269 Christus
436 2214 474 2270 et
492 2222 561 2270 nos
579 2198 787 2271 redemeret
814 2196 986 2271 Christus
1004 2222 1072 2294 pro
1099 2196 1207 2269 nobis
1237 2221 1370 2294 passus

299 2316 356 2370 est

249 2447 421 2521 Christus
439 2449 621 2523 infernum
641 2467 812 2547 penetrat
827 2448 999 2523 Christus
1010 2446 1140 2522 caelum
1154 2449 1372 2522 ascenderat

173 2573 194 2620 2
200 2572 220 2642 5
251 2548 422 2622 Christus
440 2577 522 2623 cum
542 2551 615 2625 deo
633 2551 781 2624 sederat
800 2551 861 2623 ubi
880 2576 1070 2647 nunquam
1088 2549 1256 2624 defuerat

249 2699 381 2772 Gloria
398 2700 477 2774 haec
496 2718 553 2774 est
571 2701 751 2774 altissimo
769 2702 841 2775 deo
860 2702 954 2798 patri
974 2702 1142 2799 ingenito

249 2800 367 2874 honor
385 2828 427 2874 ac
444 2828 592 2876 summo
609 2802 684 2876 filio
702 2803 811 2876 unico
830 2804 1022 2900 unigenito

251 2952 480 3049 Spirituique
497 2954 640 3027 obtimo
657 2974 788 3026 sancto
805 2954 970 3050 perfecto
987 2952 1117 3026 sedulo

250 3079 358 3127 amen
378 3053 441 3127 fiat
459 3073 640 3151 perpetua
656 3056 693 3127 in
712 3055 939 3150 sempiterna
957 3052 1091 3126 saecula

175 3178 225 3247 30
854 3156 897 3228 In
917 3174 954 3228 te
972 3155 1122 3228 Christe
1141 3154 1370 3227 credentium

220 3423 375 3505 Protegat
390 3443 451 3485 nos
467 3422 646 3485 altissimus
662 3422 704 3484 de
720 3422 787 3484 suis
802 3420 925 3484 sanctis
941 3421 1073 3484 sedibus

216 3535 297 3597 dum
314 3536 376 3598 sibi
391 3556 512 3616 ymnos
527 3536 677 3597 canimus
692 3535 800 3597 decim
816 3535 949 3596 statutis
965 3534 1092 3596 uicibus

216 3649 325 3728 sitque
341 3647 436 3710 nobis
451 3649 613 3730 propitius
629 3648 746 3710 diebus
762 3658 862 3729 atque
877 3646 1029 3709 noctibus

228 3906 264 3979 F]
303 3921 333 3978 ις
352 3908 456 3980 filiique
578 3910 610 3963 16
628 3908 727 3966 itinere
845 3926 876 3964 21
897 3921 1051 3979 martyrum
1170 3922 1204 3976 23
1223 3906 1371 3962 redimerat

173 3995 208 4045 24
226 3998 279 4034 om.
293 3980 437 4034 kaclr‘nea
543 3981 577 4034 28
595 3981 703 4051 optimo
809 3996 845 4050 30
861 4000 914 4036 om.
928 3980 1102 4035 credentium

221 4203 312 4254 Glooea
322 4204 356 4264 Τ]
389 4217 404 4253 2
420 4204 515 4265 decim]
531 4204 606 4253 deich
622 4201 704 4253 trithn
719 4201 898 4252 dochelebrad
915 4202 1006 4252 Colum
1023 4200 1088 4250 (fille
1100 4208 1127 4250 ut
1137 4199 1229 4260 serunt,
1240 4215 1297 4249 ocus
1308 4213 1329 4248 ts
1340 4199 1373 4246 do

171 4270 233 4319 stair
245 4270 311 4318 Boin
324 4270 427 4320 Carion
439 4285 482 4320 rue
492 4286 546 4320 som
557 4266 622 4319 sein¹
634 4271 691 4318 T·⁸

598 4406 607 4437 ¹
620 4406 654 4449 Cf.
665 4404 761 4449 &aba
772 4406 846 4447 Instit.
857 4403 887 4447 iii.
897 4419 916 4457 3,
926 4419 945 4455 4.
