3068 5100
226 374 271 420 ιοό
484 370 701 420 PRAEFATIO
717 369 765 419 IN
779 370 851 420 ΘΚΑ
858 369 883 418 T
879 368 1010 419 IONEM
1021 366 1161 419 urmm.

758 748 888 832 [Nost]

286 905 327 989 Τ]
369 909 430 968 foll.
449 907 507 968 16b
521 908 582 968 and
600 925 634 983 17
651 908 683 967 ἐκ
696 917 759 985 sup.
775 926 867 985 marg.

277 1036 283 1049 .
328 1036 334 1049 .
387 989 437 1050 dia
452 991 493 1049 ira
508 1000 553 1049 est
567 990 690 1066 quando
704 1008 766 1049 non
780 990 974 1067 peccantibus
994 989 1129 1049 irascitur
1148 989 1224 1048 deus
1265 1033 1272 1048 .
1317 1033 1324 1046 .
1370 1032 1377 1045 .
1424 1031 1432 1046 .

226 1117 233 1128 .
277 1117 284 1129 .
328 1072 467 1131 Ezechiel
482 1072 521 1131 ad
563 1117 569 1131 .
613 1116 620 1130 .
663 1069 722 1130 iam
737 1089 798 1130 non
821 1072 929 1130 irascar
949 1070 1003 1130 tibi
1026 1080 1057 1131 et
1079 1071 1159 1130 zelus
1174 1087 1260 1129 meus
1273 1067 1401 1128 recessit
1415 1087 1434 1126 a

226 1151 265 1212 te¹
278 1173 286 1225 3
307 1171 397 1228 quem
412 1154 553 1213 dominus
567 1150 663 1229 diligit
676 1153 807 1229 corripit²
821 1162 851 1212 et
865 1152 986 1228 reliqua.

289 1234 374 1293 Iesus
388 1252 442 1310 per
462 1232 572 1293 litteras
595 1234 716 1306 Grecas,
732 1232 764 1293 id
787 1243 833 1293 est
857 1234 927 1306 iota,
942 1244 999 1305 eta,
1016 1230 1101 1305 sima,
1116 1250 1198 1291 nnnc
1218 1229 1360 1292 scribitur
1370 1251 1380 1305 ;
1401 1239 1433 1290 et

226 1311 296 1374 ideo
325 1333 378 1391 per
404 1315 643 1391 aspirationem.
666 1315 686 1372 h
708 1360 715 1374 .
738 1315 819 1391 apud
842 1313 965 1374 Latinos
993 1313 1131 1373 scribitur
1152 1332 1208 1390 pro
1233 1311 1433 1373 similitudine

227 1405 319 1455 cteta
334 1397 431 1456 Grece
446 1396 510 1456 eth
530 1441 537 1455 .
562 1396 601 1454 ha
616 1393 731 1455 Latine.
788 1397 871 1455 Sicut
891 1414 1003 1455 nomen
1018 1395 1152 1455 Ebreum
1163 1394 1248 1471 quod
1261 1402 1306 1453 est
1323 1394 1434 1466 Iesus;

228 1477 270 1535 sic
292 1476 323 1535 in
345 1478 446 1537 Ebreo
467 1486 588 1536 notatur
608 1495 661 1553 per
681 1487 740 1536 tres
761 1477 872 1537 litteras
894 1477 1044 1548 Ebreicas‚
1067 1476 1140 1549 ioth,
1162 1475 1227 1548 hec,
1244 1474 1378 1546 samech,
1397 1484 1432 1534 ut

227 1568 272 1617 est
301 1559 386 1617 lesus
414 1569 444 1618 et
468 1577 521 1634 per
548 1557 773 1618 similitudinem
801 1558 886 1617 hec
909 1558 958 1618 h.
982 1555 1109 1618 Ebreice
1136 1565 1254 1632 ponunt
1281 1555 1377 1614 latum
1423 1600 1431 1614 .

227 1639 256 1699 h.
300 1638 311 1713 l
313 1683 724 1698 .........
768 1651 798 1699 et
813 1658 846 1698 ro
857 1649 887 1700 et
901 1657 977 1699 sima
986 1650 1019 1698 ut
1029 1636 1166 1699 Christus
1180 1638 1250 1697 ideo
1263 1655 1365 1712 ρεῐχ,
1377 1635 1431 1708 ies,

226 1721 307 1796 apud
323 1721 446 1780 latinos
463 1739 518 1796 pro
532 1717 725 1780 similitudine
740 1745 762 1796 χ
776 1732 806 1780 et
848 1764 1159 1779 .......
1202 1714 1378 1777 scribitur
1354 1736 1433 1776 sima

228 1811 309 1860 ut.
404 1847 411 1860 .
453 1802 638 1861 conuertitur
661 1802 745 1861 Iesus
787 1847 794 1859 .
838 1848 843 1860 .
892 1849 898 1860 .
942 1848 949 1861 .
1001 1817 1112 1860 nomen
1134 1797 1176 1858 illi
1196 1798 1336 1860 Christus
1357 1816 1432 1858 uero

228 1882 381 1958 dignitatis
412 1882 604 1942 uocabulum.
667 1883 717 1942 Sic
748 1883 813 1943 haec
842 1881 966 1942 nomina
995 1882 1159 1954 coniunxit,
1190 1881 1221 1940 id
1253 1891 1309 1951 est,
1343 1880 1432 1939 Iesus

228 1963 373 2038 Christus,
389 1963 646 2040 quemadmodum
660 1963 759 2023 dictus
774 1974 819 2024 est
833 1964 963 2023 Abraam
978 1963 1152 2040 patriarcha,
1169 1963 1253 2021 Aron
1267 1961 1421 2021 sacerdos.
