3068 5100
162 365 208 430 158
436 365 600 416 HYMNUS
614 365 663 415 ΙΝ
674 364 840 417 LAUDEM
854 365 890 433 S.¹
902 365 1092 417 BASRIANI.

160 838 215 936 T]
339 839 508 936 flucuur
534 860 664 912 YMNUS
696 838 883 910 Lasruaur
910 861 948 910 .1.
984 838 1170 912 Motasss

649 965 874 1037 Dimissi.
1068 963 1109 1061 [s.
1133 963 1219 1056 31b.
1241 963 1312 1037 col.
1340 988 1366 1037 1.

552 1190 671 1263 'Bbas
690 1190 868 1285 probatus
886 1191 1040 1262 omnino

619 1290 850 1367 Benedictus
868 1317 890 1362 a
908 1291 1060 1364 domino

462 1391 561 1468 Cum
580 1392 743 1464 caritatis
761 1391 940 1464 fructibus

464 1492 610 1568 Doctor
627 1491 888 1566 aeclesiasticus

464 1592 622 1669 Electus
640 1594 700 1666 dei
719 1592 885 1666 anthleta

465 1692 609 1770 Fidelis
627 1695 707 1767 sine
727 1693 870 1766 macula

464 1794 602 1894 Gregis
620 1813 747 1890 pastor
765 1796 989 1892 subagrinus

464 1895 631 1972 Humilis
648 1894 805 1992 supplex
823 1897 1011 1969 submisus

464 1996 617 2072 Ieiunus
630 1995 859 2095 largissimus

464 2097 612 2173 Kastus
630 2123 714 2170 cum
734 2098 843 2170 rectis
863 2098 1026 2170 mbribus

464 2198 637 2274 Lucerna
655 2199 724 2271 erit
743 2198 779 2271 in
799 2216 878 2272 tuta

464 2297 737 2374 Macculasrius
760 2299 945 2371 Hibernia

463 2399 668 2476 Nadsraich
688 2418 725 2473 et
744 2417 894 2472 sanctus
913 2398 1008 2472 filius

463 2500 641 2598 Optimus
659 2502 719 2574 dei
737 2500 833 2573 filius

464 2602 653 2678 Probatus
671 2602 820 2697 sapiens
838 2599 979 2698 peritus

463 2702 589 2799 Quem
608 2703 800 2776 coronauit
818 2702 992 2775 dominus

466 2803 688 2900 Requiescit
706 2821 791 2899 post
810 2803 953 2876 obitum

463 2904 632 2981 Securus
652 2905 700 2977 im
720 2922 941 3000 perpetuum

461 3005 724 3080 Tenebrarum
744 3005 947 3078 rectoribus
1014 3048 1017 3055 ·

465 3105 592 3183 Uictis
609 3124 722 3202 atque
741 3105 967 3202 principibus
1007 3106 1012 3117 ’

462 3206 599 3281 Xristo
618 3233 700 3280 cum
720 3207 797 3279 suis
815 3206 989 3279 omnibus

460 3307 630 3382 Ymnum
649 3308 747 3381 canit
766 3306 967 3381 celestibus

462 3407 576 3484 Zelus
596 3410 632 3481 in
651 3410 725 3505 qu6
744 3409 812 3481 suit
831 3409 946 3480 misus

461 3509 520 3583 dei
540 3536 616 3606 prae
635 3510 877 3607 participibus

685 3845 841 3910 Oratio.

245 4005 307 4067 Per
322 4005 475 4066 meritum
493 4004 690 4070 Macculasrr'
705 4006 826 4067 summi
843 4005 1022 4068 sacerdotis

244 4116 365 4179 adiuua
381 4136 441 4178 nos
458 4116 587 4180 Christe
602 4118 748 4180 saluator
764 4118 878 4180 mundi
896 4118 951 4200 qui
969 4138 1095 4200 regnas,

203 4399 294 4450 Glossa
305 4400 340 4461 T]
375 4413 401 4450 11
421 4399 638 4462 erit]uel[erh[t]
