3068 5100
385 342 552 395 mum
563 343 592 392 S.
613 342 789 392 COLMANI
801 343 875 392 Mic
893 342 936 392 Ul
951 342 1173 394 CLUASAIGH.
1350 354 1380 405 31

702 722 854 806 [Nona]

236 856 279 951 T]
320 861 371 919 foi.
395 878 411 936 5
433 861 466 918 in
486 870 547 935 sup,
570 879 658 934 marg
655 903 913 918 ......
956 856 1076 917 alleluia
1093 858 1225 934 psalmus
1267 905 1275 918 .
1318 905 1325 918 .
1369 905 1377 918 .

165 941 296 1001 alleluia
337 986 344 999 .
387 986 395 998 .
438 986 445 999 .
487 941 605 1000 alleluia
626 951 710 1016 pater
731 940 848 1000 alleluia
873 939 952 998 filius
975 938 1092 998 alleluia
1117 937 1236 1015 spiritus
1258 953 1378 1000 sanctus

163 1022 329 1082 desideras

236 1099 278 1184 T]
319 1103 372 1162 fol.
386 1102 469 1179 5br'n
482 1112 544 1179 sup.
560 1121 653 1178 marg.

236 1231 244 1244 .
287 1230 295 1242 .
337 1230 345 1242 .
389 1229 396 1241 .
439 1185 540 1254 simus,
565 1180 682 1242 namsi
708 1181 759 1241 ilia
799 1228 806 1241 .
849 1228 856 1239 .
900 1229 907 1240 .
950 1181 1081 1256 pericula
1102 1194 1134 1240 ut
1156 1201 1223 1240 sum
1265 1228 1272 1241 .
1315 1230 1322 1241 .
1366 1230 1373 1241 .

164 1264 253 1324 entis
267 1263 389 1324 interius
403 1278 457 1324 est
499 1264 663 1324 Salomon:
695 1264 791 1322 Fortis
805 1276 850 1322 est
866 1280 897 1321 ut
911 1281 992 1322 mors
1002 1262 1144 1334 dilectio,¹
1154 1262 1224 1338 quia
1236 1262 1376 1324 uidelicet

163 1348 251 1405 sicut
272 1365 352 1405 mors
372 1364 481 1421 corpus
509 1343 660 1417 interimit,
685 1346 729 1403 sic
749 1363 882 1404 amorem
904 1346 1104 1420 corporalium
1129 1363 1227 1403 rerum
1256 1358 1376 1406 aerernae

164 1428 244 1486 uitae
257 1428 363 1485 caritas
376 1427 509 1486 occidit²

233 1517 264 1566 et
274 1528 293 1565 a
308 1528 398 1565 manu
411 1527 470 1567 sac.
485 1507 543 1566 xvi
921 1561 925 1569 .

235 1591 273 1648 ln
287 1590 410 1648 nomine
424 1590 515 1664 patris
528 1600 559 1647 et
573 1588 625 1646 filii
640 1606 710 1646 curn
725 1586 839 1664 spiritui
854 1600 968 1646 sancto.

235 1672 321 1730 lesus
342 1671 478 1732 Christus
499 1670 551 1745 qui
573 1687 663 1744 supra
694 1670 821 1728 Mariam
853 1668 978 1728 sedebat
1009 1680 1039 1727 et
1069 1670 1172 1727 Petrus
1195 1680 1265 1727 ante
1290 1667 1372 1726 illum

163 1751 277 1823 stabat,
293 1750 343 1811 dic
363 1750 436 1810 mihi
459 1753 545 1809 Petre
565 1768 656 1825 quare
677 1751 768 1809 tristis
788 1769 821 1809 es
862 1796 869 1808 .
912 1793 919 1806 .
963 1795 970 1808 .
1014 1768 1095 1807 nunc
1136 1795 1143 1807 .
1187 1795 1194 1808 .
1237 1794 1245 1807 .
1288 1767 1373 1808 meos

163 1832 291 1892 dolores
332 1878 339 1889 .
383 1878 390 1891 .
433 1851 486 1908 per
506 1831 567 1889 .u.ii
609 1877 616 1889 .
660 1876 666 1888 .
711 1876 717 1889 .
761 1877 768 1889 .
811 1849 863 1906 per
878 1830 1030 1890 Christum
1043 1832 1248 1906 apostolorum
1264 1842 1297 1889 ut
1312 1848 1372 1888 non

165 1958 432 1972 ......
476 1913 607 1971 amulum
643 1931 672 1988 q.
702 1914 720 1971 i.
764 1958 771 1970 .
814 1957 822 1970 .
864 1956 872 1969 .
915 1930 977 1970 non
1005 1930 1096 1988 opere
1137 1958 1144 1970 .
1187 1958 1193 1970 .
1238 1956 1245 1969 .
1288 1912 1372 1971 iocos

223 2041 230 2053 .
273 2041 281 2053 .
324 2007 370 2052 isti
