3068 5100
377 396 592 447 ORATIONES
606 397 838 446 EXCERPTAE
853 397 908 446 DE
925 395 1141 445 PSALTERIO.
1318 399 1366 455 155

162 558 208 646 T]
251 560 344 637 [Non
361 561 504 624 declines
520 583 576 624 cor
591 583 702 625 meum
719 563 752 625 in
769 563 871 626 uerbo
887 561 1033 625 malitiae¹
1234 555 1270 643 [f.
1288 557 1363 637 30b.

251 648 391 713 Custodi
408 669 462 711 me
477 671 498 711 a
513 649 633 731 laqueo
643 670 743 731 quem
759 660 946 713 statuerunt
963 649 1043 711 mihi

249 745 283 797 et
299 757 319 797 a
334 736 498 799 scandalis
514 739 722 820 operantium
739 735 961 818 iniquitatem³

253 823 394 885 Intende
409 823 452 884 ad
468 824 735 906 deprecationem
753 844 862 887 meam

160 927 229 988 440
250 911 329 990 quia
343 909 535 974 humiliatus
551 932 625 974 sum
643 913 741 974 nimis

253 997 373 1059 Libera
388 1017 442 1059 me
458 1019 478 1059 a
493 999 768 1081 persequentibus
785 1019 838 1060 me

250 1085 329 1164 quia
344 1084 518 1148 confortati
534 1096 611 1148 sunt
626 1106 726 1167 super
741 1087 808 1148 me³

253 1171 348 1233 Educ
364 1171 406 1232 de
421 1174 572 1235 custodia
588 1174 734 1235 animam
751 1192 860 1235 meam

251 1258 294 1319 ad
309 1256 535 1322 confitendum
552 1261 676 1322 nomini
693 1270 752 1322 tuo

161 1359 226 1424 445
252 1364 305 1405 me
320 1355 502 1426 expectant
518 1347 595 1409 iusti
611 1348 716 1409 donec
732 1347 891 1409 retribuas
908 1345 1001 1407 mihi⁴

253 1431 398 1494 Domine
413 1434 536 1495 exaudi
553 1436 734 1497 orationem
753 1454 861 1495 meam

252 1519 384 1581 auribus
401 1521 532 1602 percipe
547 1522 809 1584 obsecrationem
826 1540 935 1582 meam
952 1520 984 1580 in
1002 1518 1141 1581 ueritate
1155 1529 1215 1581 tua

251 1606 374 1668 exaudi
392 1627 445 1668 me
462 1608 564 1670 intua
580 1610 718 1671 iustitia³

254 1694 299 1756 Et
316 1714 380 1756 non
398 1694 498 1756 intres
516 1697 548 1756 in
565 1696 685 1758 iudicio
700 1714 775 1757 cum
792 1714 889 1756 seruo
904 1704 963 1756 tuo

162 1795 231 1858 450
251 1782 329 1861 quia
345 1801 409 1843 non
427 1782 655 1844 iustificabitur
670 1784 704 1844 in
719 1791 897 1864 conspectu
913 1791 972 1843 tuo
986 1780 1094 1842 omnis
1109 1779 1239 1842 uiuens⁰

254 1867 421 1930 Uelociter
436 1869 558 1931 exaudi
576 1890 629 1931 me
645 1869 765 1932 defecit
779 1870 912 1950 spiritus
929 1887 1022 1932 meus

252 1953 329 2016 Non
345 1966 475 2018 auertas
492 1955 609 2018 faciem
625 1967 717 2020 tuam
734 1978 754 2019 a
770 1976 824 2018 me

250 2051 283 2103 et
299 2042 414 2104 similis
430 2063 486 2104 ero
501 2043 770 2106 discendentibus
787 2045 820 2104 in
836 2042 957 2105 lacum²

251 2127 414 2191 Auditam
432 2130 512 2191 mihi
530 2131 579 2192 lac
596 2151 693 2192 mane
710 2129 967 2192 misericordiam
983 2139 1076 2191 tuam

162 2229 225 2294 455
251 2217 330 2297 quia
346 2217 378 2278 in
395 2227 429 2278 te
444 2219 573 2298 speraui
971 2270 977 2280 .

252 2302 376 2365 Notam
395 2303 445 2365 sac
461 2304 541 2366 mihi
558 2306 646 2367 uiam
664 2305 695 2366 in
712 2325 779 2386 quo
794 2303 962 2366 ambulem

250 2391 328 2470 quia
344 2390 387 2451 ad
403 2400 436 2452 te
452 2390 559 2453 leuaui
576 2392 721 2453 animam
740 2392 862 2452 meam⁸

252 2476 352 2559 Eripe
369 2498 422 2539 mc
438 2478 480 2539 de
496 2480 635 2541 inimicis
653 2480 734 2540 meis
752 2479 885 2540 domine
901 2479 943 2540 ad
960 2489 994 2541 te
1010 2476 1156 2561 coniugi⁹

251 2564 332 2625 doce
349 2584 402 2626 me
418 2564 524 2627 facere
540 2566 747 2628 uoluntatem
764 2576 855 2628 tuam

162 2649 229 2728 460
251 2652 329 2731 quia
344 2651 425 2714 deus
443 2672 536 2714 meus
551 2674 586 2715 es
603 2663 640 2715 tu

252 2736 394 2819 Spiritus
410 2749 488 2801 tuus
504 2741 610 2802 bonus
628 2740 768 2802 deducet
786 2761 839 2802 me
856 2741 887 2802 in
904 2750 990 2802 terra
1007 2741 1120 2802 recta¹⁰

251 2835 385 2906 propter
400 2847 520 2888 nomen
537 2837 632 2890 tuum
650 2827 783 2888 domine

251 2913 434 2975 uiuificabis
450 2935 504 2976 me
520 2915 552 2975 in
568 2915 725 2995 aequitate
741 2924 800 2976 tua

251 2997 382 3061 Educes
399 3000 440 3061 de
456 3001 666 3063 tribulatione
682 3002 827 3063 animam
846 3003 979 3063 meam¹¹
1057 3016 1060 3022 ·

161 3085 225 3163 465
249 3096 283 3148 et
300 3087 331 3147 in
349 3088 569 3150 misericordia
584 3098 642 3150 tua
658 3088 828 3169 disperdes
845 3090 993 3150 inimicos
1011 3107 1103 3149 meos

252 3173 297 3234 Et
314 3174 431 3254 perdes
447 3195 563 3237 omncs
579 3176 635 3257 qui
651 3175 810 3237 tribulant
826 3177 972 3237 animam
990 3195 1099 3236 meam

250 3263 406 3340 quoniam
423 3282 487 3344 ego
502 3283 617 3324 seruus
632 3271 709 3323 tuus
725 3264 826 3324 sum¹²

251 3346 379 3410 Emitte
397 3369 531 3410 manum
548 3359 641 3411 tuam
659 3349 700 3410 de
716 3349 785 3411 alto

251 3435 340 3516 cripe
358 3445 460 3497 meet
477 3436 578 3499 libera
595 3436 705 3497 mede
721 3437 816 3517 aquis
834 3435 946 3498 multis

162 3535 229 3599 470
251 3521 292 3582 de
310 3543 409 3585 manu
426 3522 565 3585 filiorum
583 3523 790 3585 alienorum¹³

252 3606 401 3688 Quorum
419 3631 456 3671 os
473 3610 619 3672 locutum
636 3621 687 3672 cst
703 3611 885 3672 uanitatem

251 3705 284 3757 et
301 3696 440 3758 dextera
455 3717 567 3759 eorum
585 3697 724 3760 dextera
741 3696 947 3777 iniquitatis¹⁴

252 3783 345 3845 Deus
361 3785 526 3846 canticum
544 3804 665 3846 nouum
683 3785 825 3846 cantabo
841 3784 900 3844 tibi

251 3869 283 3931 in
300 3870 457 3951 psalterio
472 3871 677 3933 decachordo
693 3871 831 3953 psallam
849 3867 934 3932 tibi¹⁵

163 3969 225 4034 475
252 3955 318 4037 Qui
335 3958 394 4019 das
411 3958 552 4020 salutem
571 3958 700 4040 regibus

251 4046 306 4124 qui
324 4045 454 4107 redimit
472 4045 582 4106 Dauid
600 4065 730 4107 seruum
744 4065 839 4106 suum
857 4045 898 4105 de
914 4043 1026 4125 gladio
1042 4043 1213 4127 malign0¹l

212 4195 316 4245 Glossae
328 4198 362 4259 T]
393 4197 443 4259 466
460 4198 610 4257 omnesJuel
623 4214 665 4245 eos
806 4196 855 4257 476
872 4195 982 4256 redimit]
994 4195 1116 4256 [redimiJs
1181 4195 1366 4257 suum]t[uum]

203 4293 210 4320 ¹
225 4293 259 4333 ns.
269 4293 310 4334 cxl.
321 4310 339 4343 ⁴·
416 4294 425 4320 ¹
440 4294 473 4335 Pa
484 4294 524 4335 cxl.
535 4309 554 4344 9.
673 4296 683 4321 ³
698 4294 731 4334 Pr.
741 4292 790 4335 cxli.
802 4308 820 4344 7.
936 4296 945 4320 ⁴
959 4293 993 4333 re
1003 4292 1052 4333 cxli.
1063 4296 1083 4334 8.
1200 4293 1210 4320 ⁵
1224 4293 1259 4334 Ps.
1268 4293 1325 4335 cxlii.
1338 4309 1354 4335 r.

163 4343 173 4370 ⁸
187 4343 221 4384 Pe
230 4343 287 4385 cxlii.
299 4359 317 4384 2.
419 4345 428 4372 ⁷
443 4345 477 4384 Ps.
487 4345 545 4385 cxlii.
555 4359 573 4394 7.
676 4347 684 4365 '¹
700 4345 732 4384 l’s.
743 4344 799 4384 cxlii.
811 4347 829 4384 Β.
936 4345 946 4371 ⁹
959 4345 993 4384 Ps.
1003 4343 1060 4402 cxlii:
1070 4358 1089 4394 ᾳ
1188 4344 1207 4371 ¹⁰
1220 4344 1253 4384 Pe
1264 4344 1321 4386 cxlii.
1334 4361 1363 4386 ro.

164 4393 182 4472 a
195 4394 229 4485 gt
237 4393 344 4487 giiii&
412 4395 430 4423 ¹²
444 4396 477 4436 Pe
488 4394 545 4437 cxlii.
559 4411 588 4435 12.
666 4395 683 4422 U
698 4396 730 4435 l's
741 4394 806 4435 cxliii.
817 4410 835 4445 7.
928 4395 945 4422 ¹⁴
959 4395 993 4435 Pa
1003 4394 1068 4435 cxliii.
1080 4397 1098 4436 8.
1189 4395 1206 4422 ¹⁵
1220 4395 1255 4436 Ps.
1265 4394 1330 4437 cxliii.
1339 4410 1359 4446 9.
