3068 5100
581 375 753 427 BENEDIC
759 374 835 428 705.

565 974 864 1074 [Bounomos]

75 1178 146 1285 T]
292 1199 499 1273 Enedictus
515 1201 689 1274 dominus
707 1202 801 1273 deus
823 1199 936 1272 Israel

339 1303 427 1398 quia
444 1303 608 1375 uisitauit
627 1320 664 1375 et
683 1302 769 1374 lecit
788 1300 1083 1396 redemptionem
1103 1297 1222 1394 plebis
1235 1320 1313 1367 suae

195 1400 242 1474 Et
260 1404 379 1475 erexit
397 1428 511 1475 comu
530 1403 658 1476 salutis
677 1403 784 1475 nobis

191 1501 225 1572 in
243 1501 357 1575 domu
380 1503 505 1576 Dauid
523 1505 626 1600 pueri
645 1504 700 1576 sui

125 1614 153 1684 5
190 1602 293 1676 Sicut
311 1603 455 1677 locutus
473 1625 530 1677 cst
548 1631 615 1701 per
632 1631 675 1677 os
688 1623 899 1677 sanctorum

191 1704 415 1798 profetarum
434 1731 584 1778 suorum
602 1706 665 1802 qui
684 1706 732 1778 ab
746 1731 828 1778 aeuo
847 1722 933 1776 sunt

193 1804 242 1877 Et
260 1803 431 1878 liberauit
450 1832 518 1879 nos
535 1807 584 1879 ab
602 1807 759 1879 inimicis
778 1806 913 1878 nostris

190 1923 226 1977 et
244 1905 293 1978 de
311 1932 422 1979 manu
441 1908 606 1979 omniunt
624 1908 686 2005 qui
707 1933 775 1980 nos
793 1907 951 1979 oderunt

191 2006 252 2078 Ad
272 2006 478 2080 faciendam
497 2009 787 2082 misericordiam
806 2033 889 2080 cum
908 2005 1075 2102 patribus
1095 2002 1230 2075 nostris

131 2120 174 2177 10
197 2126 234 2179 et
252 2132 460 2181 memorare
479 2111 691 2182 testamenti
711 2110 766 2181 sui
786 2108 903 2181 sancti

194 2207 453 2281 Iusiurandum
472 2211 572 2306 quod
593 2211 725 2283 iurauit
743 2210 791 2282 ad
811 2206 1004 2281 Abraham

191 2328 334 2404 patrem
354 2329 520 2383 nostrum
539 2310 710 2383 daturum
731 2338 771 2383 se
790 2310 898 2383 nobis

196 2409 249 2482 Ut
267 2411 348 2483 sine
367 2412 499 2484 timore
516 2412 564 2484 de
582 2412 754 2484 manibus
772 2412 1002 2483 inimicorum
1022 2423 1231 2479 nostrorum

190 2509 334 2583 liberati
354 2513 559 2585 seruiamus
578 2512 626 2584 illi

128 2633 163 2702 15
195 2612 237 2683 ln
258 2613 455 2686 sanctitate
474 2633 511 2686 et
526 2614 665 2686 iustitia
682 2638 806 2685 coram
825 2613 907 2708 ipso

190 2713 364 2785 omnibus
382 2714 514 2786 diebus
534 2713 669 2787 nostris

170 2955 232 3027 ΡΑ]
268 2960 312 3011 tit.
328 2955 516 3028 B[enedictio]
529 2957 620 3012 sancti
633 2956 785 3011 Zachariae
798 2958 824 3009 Α
859 2955 1003 3009 car.til.F
1112 2950 1285 3005 zuissitauit
1299 2950 1319 3002 l'

121 3031 221 3083 suaen
361 3029 506 3098 sloqutus
519 3031 545 3082 Α
687 3028 923 3098 6prophetarum
938 3027 989 3079 ΡΑ
1024 3024 1082 3078 hab
1094 3041 1129 3077 eo
1141 3025 1167 3076 Α
1180 3023 1264 3076 abeo
1277 3021 1321 3074 A*

122 3099 321 3160 71iberabitA
432 3115 463 3153 to
482 3099 671 3153 memorariA
707 3099 796 3153 sancti
815 3097 897 3152 suiA

163 3317 272 3366 Glossae
283 3317 318 3376 Τ]
350 3329 366 3365 2
383 3316 504 3377 uisitauit]
515 3317 542 3366 .i.
557 3317 656 3381 plebem
674 3317 738 3367 hanc
755 3317 879 3366 uisitando
895 3332 965 3364 suam
983 3331 1037 3364 esse
1053 3313 1111 3363 fecit
1128 3312 1186 3376 quia
1202 3327 1247 3360 sua
1263 3308 1321 3384 fidei

118 3382 336 3430 sublimitatem
348 3379 460 3446 perlecit¹
592 3394 606 3444 3
623 3384 711 3443 comu]
723 3383 749 3431 .i.
763 3398 840 3431 cornu
852 3381 938 3430 salutis
948 3381 1046 3430 firmam
1054 3378 1227 3429 celsitudinem
1235 3376 1323 3451 salutis

116 3447 185 3506 dicit,
199 3463 277 3495 cotnu
289 3447 386 3495 excedit
401 3463 511 3504 carnem,
521 3458 545 3496 et
564 3447 620 3496 ideo
636 3464 712 3496 cornu
730 3448 816 3496 salutis
833 3463 935 3510 regnum
952 3445 1083 3495 saluatoris
1099 3443 1192 3496 Christi
1208 3454 1322 3492 uocatur·

114 3511 131 3557 6
147 3512 313 3578 profetarum]
325 3512 426 3576 profetae
436 3512 576 3577 specialiter
592 3513 712 3577 appellati
722 3524 788 3572 sunt,
800 3513 842 3576 qui
854 3513 887 3561 de
897 3513 1007 3561 aduentu
1020 3511 1113 3562 Christi
1124 3510 1253 3560 manifeste
1264 3522 1320 3557 sunt

115 3575 206 3627 locuti³
271 3578 305 3624 ab
315 3579 381 3638 aeuo]
392 3577 419 3626 .i.
433 3577 467 3626 ab
478 3577 550 3626 initio
688 3590 702 3638 7
720 3578 846 3638 liberauit]
858 3577 884 3626 .i.
899 3577 965 3626 lilius
976 3578 1016 3626 dei
1159 3576 1175 3624 8
1192 3576 1223 3625 de
1235 3577 1321 3636 manu]

112 3644 140 3692 ,i
155 3645 191 3693 de
203 3652 327 3707 potestate
391 3643 516 3704 omniunt]
527 3643 550 3691 .i.
565 3642 722 3691 inimicontm
787 3643 876 3707 qni].i.
889 3643 1003 3692 homines
1011 3659 1140 3707 peruersos
1147 3652 1171 3690 et
1181 3641 1322 3689 immundos

110 3709 218 3775 spiritus
225 3707 357 3771 significat,
366 3706 398 3757 de
405 3724 480 3756 manu
489 3724 594 3772 quorum
605 3719 629 3757 et
642 3709 740 3757 interim
752 3725 796 3774 spe
807 3708 890 3767 salluii
899 3707 957 3757 lacti
968 3725 1053 3757 snmus
1064 3721 1089 3757 et
1100 3708 1125 3756 in
1137 3707 1220 3756 futuro
1231 3723 1257 3755 re
1268 3706 1321 3770 ipsa

111 3772 243 3824 satuandi⁴
394 3786 425 3821 ιο
441 3774 594 3833 testamenti]
606 3774 632 3821 ,i
644 3773 766 3838 disposuit
778 3775 840 3823 deus
851 3784 1027 3822 testamentum
1039 3790 1085 3822 nos
1096 3789 1149 3822 esse
1160 3772 1321 3820 liberaturum

111 3842 147 3890 de
159 3838 258 3888 semine
270 3836 477 3902 patriarcharum⁵
633 3851 659 3887 11
678 3840 710 3887 ad
723 3839 864 3899 Abraham]
877 3840 903 3887 .i.
919 3839 981 3888 fides
992 3839 1104 3903 gentium
1116 3847 1140 3887 et
1152 3845 1322 3887 sacrosanctus

111 3904 222 3955 aectesiae
233 3904 313 3952 coitus
321 3913 358 3951 est
367 3904 489 3970 promisus
501 3904 619 3961 Abrahte‚
630 3904 734 3952 domino
742 3911 773 3952 ad
781 3921 838 3953 eum
850 3904 958 3957 dicente,
973 3905 1002 3953 In
1015 3915 1039 3953 te
1052 3904 1322 3952 benedicenturontnes

111 3982 207 4034 gentes
218 3966 311 4017 terrae.⁶
324 3969 392 4017 Dixit
404 3970 522 4018 dominus
532 3969 565 4016 ad
578 3969 670 4027 Dauid,
683 3970 748 4018 Cum
759 3969 924 4033 compleueris
935 3970 989 4018 dies
1001 3979 1056 4018 tuos
1067 3981 1094 4017 ut
1107 3970 1184 4018 uadas
1195 3970 1226 4017 ad
1240 3980 1322 4033 patres

113 4046 184 4093 tuos,
197 4035 324 4083 suscitabo
335 4051 420 4082 semen
433 4043 512 4093 tuum,
525 4046 549 4083 et
562 4050 609 4098 ego
620 4051 663 4084 ero
675 4035 697 4083 ei
710 4036 735 4083 in
754 4046 857 4099 patrem,
872 4045 896 4082 et
914 4034 967 4098 ipse
983 4035 1030 4083 erit
1047 4035 1108 4083 mihi
1126 4035 1151 4083 in
1170 4035 1257 4093 filium,
1269 4035 1322 4098 ipse

112 4100 252 4150 aediticabit
264 4100 326 4148 mihi
337 4097 450 4148 domum⁷
635 4114 644 4148 1
650 4111 663 4162 5
682 4101 707 4148 in
719 4100 861 4159 sanctitate]
872 4099 899 4147 .i.
913 4101 1022 4149 ostendit
1034 4100 1074 4148 hie
1086 4100 1183 4164 profeta
1194 4101 1322 4164 quomodo

112 4166 223 4215 domino
233 4165 392 4214 seruiendum
404 4177 450 4225 est,
462 4165 487 4214 in
500 4166 631 4216 sanctitate
643 4165 759 4214 uidelicet
770 4175 795 4214 et
807 4162 911 4214 iustitial

142 4377 216 4418 &eda
224 4378 309 4418 somne.
319 4379 343 4417 r'n
353 4378 391 4417 Lc.
402 4375 415 4418 i.
553 4377 563 4404 ¹
576 4378 631 4418 llid.
783 4377 793 4403 ³
806 4377 861 4417 lbid.
1015 4378 1025 4404 ⁴
1037 4379 1092 4418 ibid.
1245 4379 1253 4403 ⁵
1267 4379 1323 4420 [bid.

195 4428 205 4454 ⁶
217 4429 274 4470 Gen.
283 4427 342 4469 xviii.
354 4431 386 4469 18.
550 4428 560 4457 ⁷
574 4443 585 4469 a
601 4429 655 4479 Reg.
666 4427 702 4469 rii.
714 4441 782 4477 wit.
952 4427 962 4455 ⁸
977 4428 1049 4469 Baeda
1058 4430 1140 4470 Comm.
1151 4431 1175 4470 r'n
1185 4429 1247 4471 tet
