3068 5100
328 378 544 428 ORATIONES
558 378 614 427 EX
615 378 789 428 CERPTAE
804 378 860 426 DE
876 378 1095 429 PSALTERIO.
1270 388 1313 442 151

116 539 162 622 T]
204 541 349 605 Domine
363 543 487 606 exaudi
503 543 685 605 orationem
703 563 812 607 meam

205 639 239 691 et
254 630 380 692 clamor
394 651 488 692 meus
504 629 546 691 ad
563 639 596 692 te
613 631 735 692 ueniat¹

205 716 283 778 Non
299 727 429 780 auertas
446 717 563 779 faciem
579 726 672 779 tuam
689 737 709 778 a
725 738 779 780 me

204 803 237 864 in
253 823 450 886 quacunque
466 804 519 866 die
536 803 673 867 tribulor
687 804 807 867 inclina
823 805 865 867 ad
883 825 936 868 me
951 825 1063 869 aurem
1080 815 1173 869 tuam

118 904 159 970 27
165 904 181 970 5
208 890 247 953 ln
264 910 461 973 quacunque
476 891 530 953 die
546 891 744 954 inuocauero
758 901 792 954 te

204 977 361 1040 uelociter
375 978 497 1040 exaudi
515 975 581 1040 me²

206 1064 411 1127 Paucitatem
428 1065 555 1127 dierum
573 1085 720 1127 meorum
737 1066 853 1128 nuntia
868 1063 962 1128 mihi³

206 1151 259 1213 Ne
275 1172 409 1214 reuoces
427 1171 480 1214 me
496 1153 528 1214 in
545 1152 699 1215 demedio
714 1152 841 1215 dierum
859 1150 1019 1215 meorum⁴

205 1238 378 1300 Memento
394 1240 496 1302 nostri
512 1239 645 1300 domine
662 1240 694 1300 in
710 1240 919 1322 beneplacito
935 1237 1048 1323 populi
1064 1239 1112 1303 tui

204 1325 321 1388 uissita
337 1346 396 1388 nos
413 1327 445 1388 in
460 1326 594 1388 salutari
611 1328 682 1388 tu0⁵

118 1388 184 1451 ²⁸⁰
200 1411 415 1475 Peccauimus
431 1434 506 1476 cum
525 1413 672 1495 patribus
689 1414 809 1476 nostris

208 1499 329 1562 iniuste
344 1501 472 1582 egimus
489 1500 696 1581 iniquitatem
714 1499 864 1563 lecimus⁶

207 1585 326 1650 Saluos
342 1586 393 1649 sac
410 1609 469 1649 nos
486 1588 619 1649 domine
635 1587 716 1648 deus
732 1599 844 1649 noster

204 1682 237 1735 et
254 1693 419 1756 congrega
435 1695 495 1736 nos
511 1675 553 1736 de
569 1675 771 1737 nationibus⁷

119 1758 179 1837 285
207 1759 345 1824 Saluum
364 1760 414 1823 lac
431 1761 551 1823 dextra
565 1770 624 1823 tua
639 1770 672 1823 et
688 1761 812 1823 exaudi
829 1762 896 1823 me⁸
1314 1835 1318 1847 Ι

205 1844 276 1927 [Da
291 1848 386 1911 nobis
403 1849 565 1910 auxilium
582 1848 624 1909 de
640 1849 851 1911 tribulatione
1215 1844 1250 1931 [l.
1268 1863 1318 1927 29.

206 1935 284 2015 quia
299 1955 386 1996 uana
402 1934 490 1997 salus
507 1934 664 1997 hominisl

206 2020 252 2083 Et
268 2030 304 2084 tu
322 2022 455 2084 domine
471 2022 606 2084 domine
623 2021 673 2084 lac
690 2042 819 2084 mecum
837 2031 972 2103 propter
987 2041 1108 2082 nomen
1124 2029 1219 2083 tuum

204 2109 282 2188 quia
297 2109 409 2170 suauis
426 2118 477 2172 est
492 2108 715 2171 misericordia
730 2118 788 2171 tua

119 2209 184 2272 290
207 2194 327 2258 Libera
343 2196 422 2258 me¹⁰
437 2197 516 2278 quia
531 2216 656 2279 egenus
672 2205 705 2258 et
722 2216 848 2278 pauper
861 2215 926 2277 ego
940 2193 1041 2257 sum¹¹

205 2280 343 2344 Adiuua
359 2303 413 2344 me
428 2283 562 2345 domine
578 2284 660 2345 deus
678 2302 772 2345 meus

204 2368 334 2432 saluum
352 2389 405 2431 me
422 2370 473 2432 lac
488 2370 670 2432 secundum
689 2368 944 2431 misericordiam
963 2369 1082 2431 tuam¹²

205 2454 237 2518 Ο
254 2456 388 2518 domine
404 2456 506 2519 libera
522 2458 667 2519 animam
686 2476 794 2518 meam
811 2476 831 2517 a
847 2455 1121 2538 persequentibus
1136 2455 1239 2517 eam18

206 2543 389 2605 misericors
405 2545 559 2606 dominus
575 2555 609 2605 et
627 2545 731 2605 iustus

117 2643 179 2708 295
204 2629 285 2692 deus
302 2640 414 2692 noster
429 2632 531 2692 nostri
549 2628 780 2693 miserebitur¹⁴

204 2715 236 2779 Ο
253 2717 386 2779 domine
401 2718 480 2799 quia
495 2738 558 2798 ego
573 2738 688 2780 seruus
705 2729 781 2780 tuus
838 2762 846 2775 .

202 2822 266 2884 ego
280 2824 395 2866 seruus
410 2814 488 2867 tuus
503 2814 537 2867 et
553 2804 639 2866 filius
655 2805 782 2866 ancillae
798 2813 874 2866 tuae.

204 2890 382 2972 Disrupisti
400 2891 532 2953 uincula
549 2894 657 2953 mea¹⁵

204 2976 235 3040 O
252 2978 386 3040 domine
402 2979 530 3041 saluum
548 2978 599 3040 lac

117 3077 181 3140 300
204 3063 234 3127 Ο
251 3064 385 3127 domine
402 3066 485 3127 bene
502 3066 718 3148 prosperare¹⁶

204 3151 280 3213 Non
297 3172 338 3213 ne
354 3152 562 3234 derelinquas
579 3152 843 3234 usquequaque¹³

204 3237 279 3299 Non
297 3240 434 3321 repellas
451 3260 504 3301 me
520 3261 540 3301 a
556 3239 721 3301 mandatis
736 3239 829 3300 tuis¹³

203 3324 361 3388 Retribue
377 3347 473 3389 seruo
487 3337 546 3389 tuo
561 3328 648 3388 uiam

201 3421 234 3474 et
250 3414 436 3476 custodiam
453 3434 621 3475 sermones
636 3414 736 3474 tuos¹⁹

116 3511 175 3576 305
204 3498 329 3561 Revela
344 3502 457 3563 oculos
475 3521 566 3563 meos

200 3596 233 3648 et
250 3587 467 3650 considerabo
484 3587 644 3650 mirabilia
660 3587 702 3649 de
718 3587 790 3666 lege
805 3582 890 3647 tua²³

203 3672 316 3735 lncola
331 3694 395 3755 ego
410 3696 483 3737 sum
502 3676 533 3736 in
549 3683 636 3736 terra

201 3780 266 3821 non
283 3761 468 3823 abscondas
483 3783 503 3822 a
519 3782 572 3823 mc
589 3760 747 3822 mandata
762 3761 844 3821 tua2¹

202 3845 308 3909 Auser
322 3869 341 3910 a
358 3869 411 3910 me
426 3849 638 3930 obprobrium
655 3859 689 3909 et
705 3854 935 3926 contemptum

114 3947 179 4011 310
200 3935 279 4014 quia
295 3936 487 3997 testimonia
502 3946 560 3996 tua
578 3935 791 4016 exquissiui²³

200 4021 355 4085 Adhaesit
372 4023 566 4104 pauimento
581 4023 692 4083 anima
710 4042 783 4083 mea

167 4149 219 4202 294
238 4146 265 4190 et
280 4137 368 4191 iustus
382 4157 434 4191 om.
448 4139 474 4190 T
487 4140 540 4191 ins.
554 4138 598 4190 T*

150 4232 158 4259 ¹
172 4233 206 4273 Ps
216 4233 244 4275 ci.
255 4248 272 4274 2.
383 4236 392 4262 ¹
407 4236 441 4275 Ps.
451 4234 477 4275 ci.
489 4251 507 4286 3.
643 4236 652 4262 ³
667 4235 700 4275 Ps.
710 4234 783 4294 clun.
894 4236 903 4261 ⁴
918 4234 952 4274 Ps.
961 4232 1031 4292 0¹35·
1133 4233 1141 4258 ⁵
1156 4231 1190 4271 Ρι
1200 4244 1262 4290 ‘Vni'

110 4283 121 4305 ⁶
136 4282 169 4323 Px
180 4297 212 4325 cv.
223 4287 241 4325 6.
381 4287 391 4315 7
406 4287 439 4326 Ps.
450 4299 482 4327 cv.
505 4301 524 4336 7.
644 4288 653 4311 ¹¹
667 4286 701 4325 Pe
712 4299 760 4326 cvu.
772 4300 790 4335 7.
892 4286 902 4311 ⁹
917 4284 950 4324 Ps
961 4296 1009 4324 cvu.
1022 4297 1051 4329 η.
1126 4283 1145 4310 ¹⁰
1157 4282 1191 4322 Ps
1202 4295 1258 4322 cvm.
1270 4297 1300 4324 αι.

113 4334 129 4361 ¹¹
144 4333 179 4375 Px.
188 4333 245 4375 cviii
256 4350 288 4375 η,
377 4337 395 4364 ¹¹
410 4337 443 4376 Pe
453 4303 510 4377 cviii.
522 4339 553 4377 26.
640 4338 657 4364 ¹³
672 4337 704 4376 Ρ»
715 4335 770 4376 cxiv.
780 4351 799 4385 μ
887 4336 904 4362 ¹¹
919 4336 952 4375 Ps.
963 4333 1018 4376 cxiv.
1030 4348 1048 4383 5.
1126 4333 1143 4360 ¹¹
1157 4333 1192 4373 Ps.
1202 4346 1249 4373 cxv.
1262 4335 1291 4373 16.

113 4383 132 4411 ¹⁸
146 4384 179 4424 Ρι
190 4385 253 4426 cxvii.
264 4400 295 4431 ας.
383 4387 399 4415 ¹7
414 4387 447 4427 Ps.
458 4386 529 4427 cxviii.
540 4390 559 4427 8.
642 4387 659 4414 ¹¹
673 4387 708 4427 Ps
718 4385 789 4427 cxviii.
802 4399 832 4426 ro.
1123 4383 1142 4410 ¹⁹
1156 4384 1188 4424 Ps.
1199 4382 1270 4424 cxviii.
1284 4399 1314 4434 ¹7·

109 4434 130 4460 ¹¹
143 4434 178 4475 Ps.
188 4434 260 4477 cxviii.
273 4439 302 4477 18.
379 4438 397 4465 ¹¹
412 4438 446 4479 Ps.
456 4436 527 4479 cxviii.
540 4452 569 4487 ιᾳ
644 4438 662 4464 ²¹
678 4438 711 4478 Pe
721 4436 792 4478 cxviii.
804 4451 835 4477 22.
