3068 5100
456 389 641 443 LAMENTA
647 391 673 440 Τ
669 391 709 441 10
724 391 753 441 S.
770 390 965 441 AMBROSII.
1269 403 1316 453 139

116 556 171 656 T]
218 556 423 633 Iustificata
440 576 498 631 est
524 583 572 631 ex
598 583 658 632 me
678 558 929 633 Sodomorum
951 577 989 632 et
1020 556 1312 631 Gomorreorum

269 659 399 732 ciuitas

218 760 294 833 iure
312 761 399 857 quia
417 759 532 832 creuit
549 785 760 857 supeream
779 786 863 834 mea
882 761 1055 857 iniquitas

143 866 194 934 60
219 861 396 958 indignus
414 885 495 931 sum
517 885 590 957 ego
607 861 743 934 claram
763 882 929 936 sanctam
941 862 1069 935 sedem
1085 879 1187 933 tuam
1198 856 1314 932 oculis

269 987 404 1058 rnrqurs
421 986 588 1056 aspicere

223 1063 309 1137 lesu
329 1087 402 1134 non
421 1062 542 1135 audeo
562 1062 762 1135 immundis
787 1061 895 1136 labiis
921 1090 982 1137 me
1008 1061 1148 1159 pudeat
1175 1084 1312 1132 nomen

271 1181 374 1235 tuum
393 1181 561 1235 sanctum
581 1188 755 1237 inuocare

223 1264 308 1337 Iesu
331 1263 479 1336 Nazare
496 1288 627 1336 uocem
645 1289 768 1338 meam
794 1263 880 1336 audi
908 1263 956 1336 fili
989 1264 1115 1338 Dauid
1136 1261 1312 1334 miserere

268 1365 341 1437 mei

219 1465 292 1539 heu
311 1463 383 1536 heu
402 1463 474 1537 heu
493 1462 583 1539 mihi
602 1464 753 1539 domine
770 1466 859 1562 quia
875 1465 1027 1564 peccaui
1046 1491 1170 1539 coram
1190 1485 1226 1539 te

220 1666 397 1743 Kallidus
415 1692 570 1765 serpens
587 1667 735 1763 decepit
753 1694 813 1740 me

145 1775 191 1862 ⁶3
220 1768 388 1840 karmina
407 1770 612 1841 Sirinarum
631 1770 859 1842 seduxerunt
878 1795 937 1840 me

220 1869 337 1965 kaput
354 1895 478 1943 meum
497 1869 772 1943 suffocauerunt
790 1869 916 1942 dilicta
934 1894 1019 1941 mea

220 1969 382 2042 karceris
401 1970 562 2042 Tartarii
582 1970 651 2043 nisi
671 1996 731 2042 me
751 1971 911 2043 redimas
929 1996 1011 2043 sum
1031 1967 1150 2042 incola

219 2070 336 2166 kapiti
357 2095 441 2144 meo
458 2071 609 2144 domine
629 2070 749 2144 tribue
768 2097 903 2168 aquam

220 2170 414 2243 karissime
432 2171 525 2244 deus
543 2171 657 2244 oculis
677 2172 769 2244 meis
788 2171 1019 2244 lacrimarum
1039 2171 1180 2243 sontem

146 2294 196 2364 70
221 2271 293 2344 heu
312 2271 385 2345 heu
404 2272 477 2345 heu
496 2272 586 2347 mihi
603 2272 756 2347 domine
773 2273 860 2369 quia
878 2272 1030 2368 peccaui

221 2481 371 2582 Lugete
390 2510 537 2558 mecum
557 2510 690 2557 omnes
712 2503 890 2557 creaturae
910 2483 988 2556 caeli
1008 2502 1045 2556 et
1064 2501 1172 2556 terrae

218 2585 344 2682 lugete
363 2611 509 2658 mecum
529 2585 585 2658 sol
604 2605 642 2657 et
658 2584 745 2656 luna
763 2606 801 2658 et
820 2611 952 2657 omnes
971 2584 1088 2656 steilae

218 2685 344 2781 lugete
376 2712 521 2759 mecum
557 2687 659 2760 uenti
694 2703 732 2759 et
762 2687 885 2759 sontes
915 2710 1093 2781 aquarum
1129 2682 1245 2756 maria
1279 2699 1315 2753 et

270 2786 423 2859 flumina

219 2886 346 2986 lugete
366 2913 510 2961 mecum
530 2887 700 2962 homines
720 2907 758 2962 et
775 2912 865 2961 aues
877 2905 914 2959 et
929 2883 1316 2983 cunctaquadripedia

270 3007 307 3061 et
327 2988 471 3084 reptilia

146 3111 166 3181 7
172 3111 192 3183 5
218 3088 363 3186 (lugere
391 3114 536 3161 mecum
554 3114 686 3161 omnes
712 3089 816 3186 pueri
836 3106 874 3161 et
893 3113 1004 3162 senes
1021 3106 1059 3161 et
1087 3087 1248 3160 infantes
1279 3101 1316 3156 et

270 3189 433 3263 uniuersi
453 3190 605 3263 iuuenes
1169 3183 1208 3286 [s.
1232 3183 1314 3257 21b.

222 3289 349 3388 lugete
367 3315 512 3364 mecum
532 3289 746 3363 sacerdotes
759 3291 851 3362 casti

221 3388 347 3488 lugete
366 3417 511 3463 mecum
530 3391 651 3464 uiduae
670 3409 708 3464 et
726 3391 891 3485 uirgines

222 3490 388 3566 heuheu
407 3493 480 3566 heu
498 3492 588 3563 mihi
608 3492 758 3564 domine
777 3492 865 3588 quia

223 3691 355 3768 Multa
371 3711 429 3766 est
447 3693 575 3788 utique
595 3719 708 3765 arena
726 3692 838 3764 maris

146 3799 196 3868 80
221 3793 326 3868 multi
345 3812 430 3867 sunt
449 3794 666 3867 tantundem
685 3793 806 3890 capilli
826 3792 957 3889 capitis
975 3792 1047 3865 mei

220 3895 345 3967 multae
363 3914 449 3968 sunt
466 3913 583 3991 guttae
602 3893 808 3990 pluuiarum

221 3995 324 4069 multi
345 4015 430 4069 sunt
449 3996 683 4067 minutissimi
703 3994 874 4090 pulueres
892 4011 1000 4066 terrae

221 4095 337 4169 multa
355 4116 440 4169 sunt
458 4096 659 4168 admodum
678 4096 801 4168 sidera
819 4095 992 4168 caelorum

221 4198 397 4270 miserere
416 4197 487 4269 mei
506 4196 647 4269 domini
664 4197 753 4292 quia
775 4195 984 4293 superhaec
1010 4195 1136 4272 omnia
1161 4209 1314 4290 peccata

272 4323 356 4370 mea
374 4315 459 4369 sunt

148 4401 193 4494 85
221 4397 295 4473 heu
314 4399 386 4473 heu
404 4398 478 4474 heu
495 4397 585 4473 mihi
604 4397 755 4474 domine
