3068 5100
320 364 535 416 ORATIONES
549 364 781 416 EXCERI'TAE
796 367 852 416 DE
867 367 1084 417 PSALTERIO.
1261 377 1307 431 145

103 531 152 615 Τ]
195 531 387 613 nequando
402 530 491 593 dicat
508 530 659 594 inimicus
677 551 769 594 meus
786 533 932 614 preualui
948 533 1107 595 aduersus
1122 532 1213 594 eum¹

192 618 362 682 Conserua
378 637 432 679 me
447 618 581 680 domine
595 619 753 700 quoniam
770 620 802 681 in
818 629 852 682 te
867 621 1011 702 speraui²

194 705 329 769 Exaudi
366 705 500 767 domine
538 705 698 769 iustitiam
734 726 842 769 meam
873 708 1008 770 intende
1037 706 1303 788 deprecationem

239 812 349 854 meam

192 880 326 942 auribus
342 879 474 962 percipe
489 880 671 942 orationem
690 882 812 942 meam³

196 966 330 1048 Percipe
345 985 477 1046 gressus
493 986 585 1028 meos
602 968 634 1028 in
650 968 792 1029 semittis
808 968 874 1030 tuis

128 1066 167 1133 35
193 1063 229 1116 ut
246 1072 311 1115 non
329 1063 525 1116 moueantur
538 1055 681 1135 uestigia
697 1057 783 1116 mea⁴

193 1140 268 1222 Ego
283 1139 424 1202 clamaui
440 1141 598 1221 quoniam
613 1141 781 1204 exaudisti
799 1162 852 1204 me
868 1142 950 1204 deus

195 1226 321 1289 Inclina
336 1247 448 1289 aurem
464 1236 557 1289 tuam
575 1228 654 1289 mibi
670 1238 703 1291 et
719 1229 841 1290 exaudi
858 1230 959 1292 uerba
975 1231 1062 1291 mea⁵

194 1313 331 1377 Mirifica
350 1314 587 1376 misericordias
603 1324 677 1377 tuas

191 1402 247 1482 qui
264 1400 374 1463 saluos
390 1401 470 1463 iacis
486 1412 656 1483 sperantes
672 1403 705 1464 in
721 1404 769 1465 te⁰

124 1503 171 1565 40
192 1489 226 1550 A
242 1488 470 1551 resistentibus
486 1489 635 1552 dexterae.
651 1499 718 1552 tuae
734 1489 863 1552 custodi
881 1510 934 1552 me

192 1575 325 1637 domine
340 1584 377 1637 ut
393 1576 552 1656 pupillam
569 1576 653 1639 oculi

193 1661 266 1725 Sub
279 1662 397 1724 umbra
412 1662 536 1725 alarum
546 1672 678 1725 tuarum
695 1672 831 1745 protege
848 1665 914 1726 me⁷

192 1769 212 1810 a
228 1748 310 1810 sacie
327 1748 503 1829 impiorum
519 1750 576 1831 qui
593 1770 646 1812 me
661 1749 865 1814 afflixerunt⁸

194 1836 338 1897 Domine
354 1836 435 1898 deus
453 1856 545 1900 meus
562 1836 710 1900 illumina
725 1839 877 1901 tenebras
895 1839 1000 1900 meas⁹

126 1936 167 2001 45
194 1923 293 2004 Eripe
310 1943 363 1984 me
379 1923 421 1985 de
436 1924 750 1987 contradictionibus
766 1926 879 2007 populi

192 2011 373 2072 constitues
390 2031 443 2072 me
460 2011 492 2071 in
508 2021 608 2092 caput
624 2012 800 2092 gentium¹⁰

193 2096 251 2159 Ab
264 2096 402 2159 occultis
420 2098 502 2159 meis
519 2099 643 2160 munda
659 2118 713 2160 me
728 2098 886 2160 domine¹¹

191 2193 225 2246 et
240 2184 285 2246 ab
298 2184 413 2246 alienis
428 2204 526 2264 parce
540 2205 636 2246 seruo
650 2188 734 2247 tuo¹²

193 2270 339 2333 Domine
354 2270 484 2333 saluum
501 2270 552 2333 sac
568 2292 680 2353 regem

129 2368 170 2434 50
191 2365 225 2419 et
239 2358 363 2419 exaudi
380 2378 440 2419 nos
457 2358 489 2419 in
506 2358 560 2420 die
574 2379 641 2441 qua
657 2358 921 2422 inuocauerimus
937 2360 997 2422 te¹³

191 2442 300 2525 (Deus
317 2445 398 2507 deus
416 2465 509 2507 meus
526 2447 651 2528 respice
667 2447 699 2507 in
717 2465 769 2507 me
1177 2446 1211 2530 [s.
1229 2462 1247 2509 2
1252 2448 1304 2527 3b.

191 2551 292 2613 quare
309 2552 362 2594 me
378 2533 580 2613 dereliquisti
596 2533 694 2613 longe
710 2553 730 2595 a
745 2532 852 2595 salute
869 2533 969 2595 mea¹⁴

194 2617 246 2679 De
262 2628 377 2681 uentre
394 2620 508 2681 matris
524 2640 607 2682 meae
623 2620 706 2682 deus
722 2640 866 2682 meuses
882 2621 945 2682 tu¹³

194 2724 234 2767 ne
249 2705 439 2768 discesseris
456 2726 475 2767 a
491 2727 545 2769 me

129 2803 167 2869 55
193 2792 359 2874 Quoniam
377 2793 546 2856 tribulatio
561 2794 716 2875 proxima
731 2802 782 2855 est

190 2879 348 2959 quoniam
365 2900 430 2942 non
446 2881 568 2961 estqui
585 2880 747 2943 adiuuet¹⁶

191 2966 243 3027 Tu
259 2976 371 3029 autem
387 2967 521 3030 domine
537 2988 578 3029 ne
593 2968 820 3049 elonguaueris
835 2967 996 3030 auxilium
1013 2977 1108 3031 tuum

191 3052 233 3114 ad
249 3052 485 3117 deffensionem
504 3074 612 3116 meam
628 3055 807 3135 conspice¹⁷

192 3140 280 3202 Erue
296 3161 316 3202 a
332 3140 456 3204 framea
472 3142 617 3203 animam
634 3160 743 3202 meam

123 3225 170 3287 60
191 3235 224 3288 et
240 3227 282 3289 de
299 3247 398 3289 manu
415 3229 505 3291 canis
522 3228 652 3291 unicam
670 3228 805 3289 meam¹⁸

191 3313 293 3377 Salua
309 3334 362 3376 me
377 3335 421 3379 ex
438 3336 493 3377 ore
510 3315 613 3377 lconis

190 3409 223 3462 ct
238 3422 258 3462 a
273 3402 426 3464 cornibus
443 3403 646 3464 unicornium
663 3399 884 3463 humilitatem
906 3403 1043 3463 meam¹⁹

191 3486 275 3550 Uias
290 3497 365 3550 tuas
381 3489 515 3551 domine
530 3489 721 3550 demonstra
744 3488 823 3549 mibi

189 3583 222 3636 et
238 3575 389 3637 semittas
405 3586 480 3639 tuas
496 3576 578 3638 doce
594 3577 673 3637 me²⁰

122 3661 164 3738 65
191 3660 306 3743 Dirige
322 3682 375 3724 me
392 3664 424 3725 in
440 3664 614 3725 ueritatem
631 3672 723 3724 tuam
740 3671 773 3723 et
789 3662 870 3723 doce
887 3682 940 3723 me

188 3748 267 3829 quia
282 3757 317 3810 tu
334 3769 369 3811 es
385 3750 467 3813 deus
483 3751 629 3812 saluator
643 3768 736 3810 meus
752 3758 785 3810 et
800 3757 834 3810 te
850 3748 990 3810 sustinui
1007 3758 1077 3811 tota
1092 3748 1169 3811 die²l

190 3834 414 3900 Reminiscere
430 3837 695 3900 misserationum
712 3845 842 3897 tuarum
858 3835 992 3897 domine

188 3931 221 3984 et
238 3923 532 3987 misericordiarum
550 3934 679 3986 tuarum
696 3942 761 4002 que
777 3943 796 3984 a
811 3921 923 3985 seculo
937 3923 1041 3985 sunt²²

153 4095 188 4147 47
206 4083 385 4137 domincum.
399 4085 424 4135 T
436 4085 489 4136 ins.
503 4083 546 4135 T*

140 4215 146 4242 ¹
162 4215 197 4255 Ps.
207 4213 243 4256 xii.
254 4230 273 4266 5.
358 4216 368 4243 ⁸
382 4216 416 4256 Pe.
426 4229 461 4255 xv.
471 4230 488 4255 ι.
614 4216 624 4242 ³
638 4215 672 4254 Pr.
683 4213 727 4254 xvi.
739 4229 756 4254 r.
867 4216 876 4240 ⁴
891 4213 925 4253 Ps.
936 4211 977 4253 xvi.
988 4227 1007 4262 5.

98 4264 209 4306 ‘Peva
219 4280 237 4316 7.
356 4266 414 4307 ⁷1³2
425 4265 495 4307 retu
611 4264 721 4305 ⁸Pexvi.
731 4279 751 4315 9.
864 4264 923 4303 ⁹1³⁵.
933 4263 976 4323 xxii
994 4278 1025 4315 29.

100 4314 278 4407 arzur-
603 4315 766 4407 :sanr
855 4315 1009 4405 :mn-:2

98 4395 265 4465 asma
349 4397 516 4458 umas
663 4395 764 4405 ’“”
915 4395 1017 4405 ”’

151 4492 262 4542 LIBER
290 4484 401 4543 HYMS'
