3068 5100
478 377 666 427 LAMENTA
672 377 734 426 710
750 376 777 425 S.
796 375 989 425 AMBROSII.
1294 387 1339 437 143

140 540 171 599 iu
185 541 251 600 celo
265 542 330 600 est.¹
373 539 421 611 Et,
436 536 530 597 uirtus
544 548 589 596 est
603 554 703 595 coram
724 534 896 595 hominibus
910 538 1046 598 tollerare
1060 539 1113 599 sed
1129 538 1222 600 uirtus
1235 560 1337 601 coram

139 624 199 681 deo
212 622 357 697 diligere.²
398 620 567 695 Gregorius.
583 636 652 675 cum
667 636 721 692 pro
740 629 821 676 recto
842 637 932 694 opere
947 621 1011 678 laus
1025 621 1192 681 transitoria
1206 623 1338 700 queritur

140 714 250 762 aetema
264 699 457 762 retributione
471 718 517 758 tes
531 700 622 775 digna
635 697 686 755 uili
701 699 797 774 pretio
811 700 1021 760 uenundatur.⁸

200 829 208 842 .
231 830 238 842 .
261 784 405 859 sapientia
419 793 449 840 et
463 782 621 857 gratiarum
635 779 714 837 actio
728 792 757 837 et
772 778 865 838 uinus
880 794 908 838 et
923 795 1055 856 potestas
1065 796 1093 841 et
1104 784 1248 844 fortitudo
1258 784 1338 844 deo.⁴

138 865 276 941 Uespere
289 865 421 941 psalmus
436 861 555 921 codidie
568 871 704 919 cantatur
718 872 785 936 post
799 861 959 938 prandium
974 865 1022 922 uel
1037 864 1206 924 ballenium.

198 1060 240 1146 T]
280 1066 331 1124 sol.
348 1065 407 1123 21b
421 1066 453 1122 in
472 1074 532 1139 sup.
550 1081 641 1137 marg.

199 1192 206 1204 .
251 1192 258 1206 .
300 1146 400 1204 uiuam
422 1160 451 1204 et
468 1156 545 1203 mort
547 1189 817 1207 .......
852 1165 900 1203 ara
923 1145 1079 1205 flumenin
1096 1160 1230 1206 montem
1247 1147 1337 1225 Hisp

140 1229 273 1301 ericum3
293 1227 451 1302 cenophali
461 1239 541 1297 sunt,
551 1227 581 1285 id
590 1238 645 1297 est,
655 1228 793 1286 homines
802 1227 965 1304 man(ibus)
975 1227 1163 1287 ambulantes
1174 1231 1221 1287 uel
1236 1249 1338 1289 sceno-

139 1307 212 1385 podi
222 1309 250 1366 .i.
261 1309 314 1366 ind
325 1309 510 1383 oinohosaig
521 1309 549 1365 .i.
561 1309 591 1365 in
602 1309 797 1385 traig-lethain
812 1354 819 1366 .
836 1353 843 1365 .
859 1355 866 1366 .
883 1308 913 1365 ul
928 1320 958 1367 et
972 1326 1138 1368 occeanum
1150 1323 1218 1368 sunt
1227 1309 1337 1370 labrosi

138 1390 415 1465 dosreggatambel
431 1390 612 1446 nichtarach
624 1390 703 1448 dara
725 1435 733 1449 .
756 1436 764 1450 .
786 1435 795 1449 .
817 1434 825 1448 .
847 1390 916 1459 Ara,
930 1392 987 1448 ‘res
998 1391 1070 1447 alta'
1092 1413 1101 1463 3
1121 1393 1185 1448 auis
1194 1392 1337 1450 auiditate

138 1472 260 1529 uolandi
276 1470 324 1528 uel
342 1470 406 1527 uias
448 1515 454 1528 .
499 1515 504 1526 .
549 1515 555 1527 .
599 1471 764 1530 diuidendo
789 1470 910 1542 cibum3
931 1472 1034 1528 uinum
1056 1491 1073 1529 a
1095 1471 1175 1529 uinia
1197 1474 1245 1530 uel
1267 1472 1338 1548 quia

139 1570 192 1627 per
211 1570 303 1609 uenas
325 1551 407 1609 uadit
418 1573 426 1623 ;
447 1550 561 1608 amicus
586 1553 669 1626 quasi
695 1551 786 1609 animi
809 1564 931 1623 custos;
952 1551 1059 1610 debilis
1080 1553 1185 1612 doiore
1206 1552 1337 1627 habilis3

137 1634 251 1708 grando
265 1631 369 1690 similis
383 1633 497 1707 grando
510 1653 516 1701 ;
538 1633 667 1691 lacrimae
684 1652 721 1690 eo
736 1633 819 1709 quod
833 1634 963 1691 lacerant
977 1634 1108 1691 animam
1121 1656 1129 1707 3
1151 1636 1232 1710 piger
1251 1637 1335 1710 quasi

137 1713 216 1789 pede
229 1732 298 1789 eger
307 1735 316 1786 ;
337 1714 425 1787 piscis
440 1713 467 1770 .i.
483 1713 526 1770 cis
540 1713 618 1788 pede
632 1713 659 1772 .i.
676 1715 748 1773 sine.

199 1908 240 1993 T]
282 1914 331 1971 sol.
349 1933 385 1987 2.²
401 1915 433 1971 in
447 1924 508 1990 sup.
525 1934 617 1991 marg.

200 1995 341 2070 (oportet
361 2014 482 2053 omnem
505 1997 670 2071 principem
692 2008 724 2054 ut
746 2041 753 2053 .
777 2041 783 2053 .
807 1993 829 2071 .)
843 1994 882 2053 ad
903 1994 1140 2071 gubemandum‚
1155 1997 1286 2056 anchora
1301 1999 1338 2056 sit

141 2075 181 2135 ad
201 2076 376 2147 sistendum,
400 2078 523 2134 malleus
545 2078 582 2134 sit
602 2077 642 2134 ad
663 2076 900 2152 percutiendum,
915 2078 960 2135 sol
981 2076 1018 2134 sit
1037 2077 1075 2135 ad
1098 2077 1336 2149 illuminandum,

142 2174 190 2214 ros
211 2158 248 2214 sit
270 2157 310 2216 ad
335 2156 578 2227 modificandum,
603 2157 754 2233 pugillaris
781 2160 818 2216 sit
845 2158 885 2216 ad
913 2157 1112 2230 scribendum,
1139 2158 1213 2217 liber
1237 2159 1273 2218 sit
1298 2162 1337 2219 ad

140 2239 309 2313 legendum,
325 2239 480 2312 speculum
495 2238 532 2296 sit
546 2239 585 2297 ad
599 2239 855 2315 conspiciendum,
868 2250 959 2297 terror
974 2239 1011 2297 sit
1024 2240 1063 2298 ad
1078 2252 1227 2313 terrorem,
1241 2241 1339 2316 imago

143 2320 180 2376 sit
206 2320 235 2375 in
259 2319 398 2377 omnibus
423 2318 511 2376 bonis
539 2331 572 2377 ut
600 2321 637 2378 sit
666 2319 769 2380 omnia
792 2321 822 2377 in
845 2318 994 2378 omnibus.
1037 2320 1096 2394 Qui
1122 2321 1216 2397 diligit
1240 2339 1338 2397 caput,

143 2398 276 2458 membra
290 2400 354 2458 eius
369 2400 452 2459 dibet
466 2400 610 2476 diligero.⁶

171 4382 178 4408 ¹
192 4384 249 4434 Aug.
260 4384 294 4424 Dc
302 4385 373 4425 Sem.
386 4386 449 4426 [om.
466 4387 484 4426 'n
493 4387 569 4427 Μοηίε
578 4386 592 4428 i.
601 4401 619 4428 c.
629 4390 649 4428 6.
744 4388 753 4414 ²
766 4387 830 4428 (ἶνιν.
841 4388 895 4438 Rex.
907 4389 968 4429 past.
980 4389 1010 4431 iii.
1020 4406 1039 4442 3.
1141 4391 1152 4417 ³
1163 4390 1198 4431 Cf.
1208 4390 1260 4431 ibai.
1270 4389 1299 4431 iii.
1312 4404 1343 4430 ιο.

169 4434 179 4458 ⁰
191 4434 258 4485 Apoe
268 4434 304 4476 vii.
315 4449 345 4476 12.
742 4439 751 4464 ‘¹
766 4436 906 4481 Hibunensis
914 4441 994 4482 mvii.
1005 4456 1023 4493 3.
