3068 5100
502 366 669 417 ΙΑΜΕΝΤ
664 369 689 416 Α
694 367 720 416 Τ
715 367 756 417 IO
771 366 799 416 S.
818 365 1013 416 AMBROSII.

457 837 739 943 [Lnunurnrro
776 842 815 916 S.
851 839 1080 941 Autroni]

230 1035 277 1123 T]
322 1037 445 1120 Incipit
471 1036 666 1100 lamentatio
698 1036 867 1100 Ambrosii
897 1039 1044 1120 episcopi
1077 1038 1277 1102 Medolaniae
1307 1060 1367 1122 pro

163 1126 232 1189 suis
255 1126 392 1188 delictis.
439 1124 484 1186 Et
507 1126 533 1186 si
561 1126 634 1206 quis
665 1144 739 1186 eam
771 1124 1027 1206 frequentauerit
1058 1126 1202 1189 inueniet
1233 1128 1364 1189 ueniam

165 1213 275 1275 delicti
302 1213 362 1283 sui,
389 1212 564 1274 Hironimo
587 1213 726 1286 dicente,
748 1211 780 1275 O
803 1212 913 1287 hom0,
932 1213 1159 1294 qualecunque
1190 1224 1364 1295 peccatum

163 1300 325 1374 habueris,
341 1319 403 1380 age
427 1300 642 1380 penitentiam
666 1309 699 1360 et
722 1299 833 1363 saluus
856 1302 919 1362 eris
932 1321 940 1377 ;
963 1301 1109 1381 quotidie
1132 1301 1221 1362 enim
1245 1301 1364 1364 domus

165 1386 288 1451 Christi
304 1387 337 1448 in
353 1387 579 1468 penitentibus
596 1386 787 1448 instruitur.¹

376 1788 504 1860 Donai
521 1787 672 1860 domine
691 1786 848 1861 sabaoth
859 1789 1098 1884 omnipotens
1116 1806 1256 1862 aeterne
1274 1789 1368 1862 deus

426 1888 500 1962 alte
518 1908 625 1984 pater
642 1888 777 1961 dilecte
796 1888 846 1960 fili
861 1889 945 1986 agie
965 1890 1116 1985 spiritus

270 1991 435 2063 anterior
453 2013 521 2062 nec
540 2008 647 2085 pater
665 2015 829 2085 unquam
848 1991 895 2062 sit
914 1990 989 2062 filio

270 2091 366 2167 filius
385 2108 510 2163 autem
529 2118 551 2162 a
569 2109 674 2186 patre
693 2117 762 2162 nec
780 2092 965 2186 posterior
983 2109 1019 2164 et
1038 2092 1169 2188 spiritu
1187 2107 1318 2165 sancto

222 2215 242 2288 5
270 2193 421 2288 spiritus
438 2210 525 2263 ante
543 2190 678 2263 saecula
696 2217 813 2264 coeua
830 2192 975 2264 trinitas
1218 2190 1260 2289 [s.
1284 2192 1367 2265 2ob.

269 2294 350 2365 sine
362 2293 562 2388 fprincipio
581 2318 736 2364 manens
751 2310 952 2388 antequam
967 2316 1064 2365 nunc
1082 2311 1120 2366 et
1136 2293 1172 2364 in
1187 2311 1367 2365 aeternum

271 2392 451 2466 heumihi
472 2393 544 2465 heu
565 2392 653 2464 mihi
673 2392 824 2466 domine
842 2393 929 2489 quia
947 2392 1085 2466 malum
1105 2419 1230 2466 coram
1242 2412 1279 2468 te
1298 2394 1367 2467 seei

271 2496 424 2568 domine
443 2519 489 2566 ne
504 2493 741 2589 derelinquas
760 2492 836 2567 me2

271 2597 366 2668 deus
384 2596 421 2667 in
439 2595 663 2667 adiutorium
683 2620 807 2667 meum
827 2592 997 2667 intende³

203 2788 249 2838 10
275 2762 558 2859 Benignissime
576 2780 722 2835 amator
740 2762 957 2857 penitentiae
976 2762 1069 2836 deus

273 2863 447 2936 beniuole
467 2864 555 2935 mihi
575 2865 761 2959 peccatori
780 2883 863 2936 esto
881 2865 1063 2959 propitius

272 2964 393 3037 bonus
411 2991 452 3036 es
471 2984 510 3037 tu
529 2964 680 3037 domine
698 2984 735 3037 et
757 2965 793 3036 in
812 2966 981 3037 bonitate
1000 2982 1064 3036 tua
1082 2963 1176 3037 doce
1195 2989 1255 3036 me

276 3067 480 3138 bonitatem
500 3084 538 3138 et
556 3066 690 3138 discire
708 3083 745 3138 et
764 3066 858 3138 scire
877 3066 972 3137 doce
991 3091 1051 3138 me
1069 3066 1221 3138 domine

274 3167 404 3238 bestiis
424 3192 470 3238 ne
489 3167 613 3238 tradas
632 3167 784 3238 domine
802 3166 960 3240 obsecro
979 3166 1139 3237 animam
1160 3191 1282 3237 meam

204 3289 245 3362 15
274 3267 488 3340 beatissime
508 3268 544 3338 in
565 3266 699 3339 saecula
718 3267 784 3340 tibi
804 3268 958 3339 crimina
985 3266 1224 3339 confitentem

275 3369 347 3441 heu
367 3369 455 3440 mihi
476 3368 548 3440 heu
568 3368 657 3440 mihi
678 3368 829 3441 domine
848 3369 936 3464 quia
954 3368 1093 3440 malum
1112 3394 1237 3440 coram
1250 3383 1287 3440 et
1307 3366 1375 3439 feci

275 3469 427 3541 domine
447 3495 494 3542 ne
511 3488 552 3542 ut
572 3470 608 3540 in
628 3470 697 3541 ira⁴

276 3635 355 3712 Cor
373 3663 496 3708 meum
514 3634 721 3732 putredinis
740 3651 873 3730 patens
891 3650 948 3707 est
968 3631 1178 3729 sepulcrum

275 3762 339 3809 cor
384 3763 508 3809 meum
555 3737 756 3809 tenebrosa
804 3736 950 3807 sussura
992 3734 1223 3830 serpentium
1268 3733 1379 3806 fouea

327 3838 492 3934 uolpium

205 3965 252 4015 20
277 3965 341 4012 cor
360 3965 482 4010 meum
502 3936 643 4032 antiqui
662 3936 835 4009 draconis
854 3934 981 4008 infelix
999 3932 1226 4008 domicilium

276 4065 480 4113 cormeum
500 4040 632 4110 durum
652 4056 689 4110 et
707 4037 893 4133 lapideum
914 4035 1085 4109 mollifica

277 4166 341 4214 cor
359 4139 538 4211 mundum
558 4164 643 4211 crea
661 4139 697 4211 in
718 4163 777 4210 me
799 4138 950 4210 domine

274 4240 347 4313 heu
367 4240 438 4312 heu
458 4240 530 4312 heu
551 4238 639 4311 mihi
659 4238 812 4312 domine
830 4239 917 4335 quia
936 4237 1087 4334 peccaui
1108 4263 1234 4310 coram
1255 4254 1292 4309 te

226 4436 281 4480 ια.
292 4436 382 4479 Hieron.
392 4438 417 4478 in
425 4437 483 4490 eph.
493 4435 508 4478 i.
519 4439 550 4479 18.
651 4433 710 4476 ¹Ps.
721 4432 802 4475 xxxvii.
816 4447 849 4474 π.
951 4431 1010 4473 ⁸1²⁸.
1028 4431 1072 4473 xix.
1084 4446 1103 4474 a.
1205 4429 1263 4471 *Pe
1272 4427 1300 4469 vi.
1310 4441 1329 4467 π.
